{
  "products": [
    {
      "Stockcode": 145667,
      "Barcode": "0284452000003",
      "GtinFormat": 13,
      "CupPrice": 0.25,
      "InstoreCupPrice": 0.25,
      "CupMeasure": "1EA",
      "CupString": "$0.25 / 1EA",
      "InstoreCupString": "$0.25 / 1EA",
      "HasCupPrice": true,
      "InstoreHasCupPrice": true,
      "Price": 6,
      "InstorePrice": 6,
      "Name": "Anzac Biscuit Family",
      "UrlFriendlyName": "anzac-biscuit-family",
      "Description": " Anzac Biscuit Family 24 pack",
      "SmallImageFile": "https://cdn0.woolworths.media/content/wowproductimages/small/145667.jpg",
      "MediumImageFile": "https://cdn0.woolworths.media/content/wowproductimages/medium/145667.jpg",
      "LargeImageFile": "https://cdn0.woolworths.media/content/wowproductimages/large/145667.jpg",
      "IsNew": false,
      "IsOnSpecial": false,
      "InstoreIsOnSpecial": false,
      "IsEdrSpecial": false,
      "SavingsAmount": 0,
      "InstoreSavingsAmount": 0,
      "WasPrice": 6,
      "InstoreWasPrice": 6,
      "QuantityInTrolley": 0,
      "Unit": "Each",
      "MinimumQuantity": 1,
      "HasBeenBoughtBefore": false,
      "IsInTrolley": false,
      "Source": "Aisle.Bakery",
      "SupplyLimit": 36,
      "IsRanged": false,
      "IsInStock": true,
      "PackageSize": "24 pack",
      "IsPmDelivery": false,
      "IsForCollection": true,
      "IsForDelivery": true,
      "IsForExpress": false,
      "ProductRestrictionMessage": null,
      "CentreTag": {
        "TagContent": null,
        "TagLink": null,
        "FallbackText": null,
        "TagType": "None"
      },
      "IsCentreTag": false,
      "ImageTag": {
        "TagContent": null,
        "TagLink": null,
        "FallbackText": "",
        "TagType": "None"
      },
      "HeaderTag": null,
      "HasHeaderTag": false,
      "UnitWeightInGrams": 708,
      "SupplyLimitMessage": "'Anzac Biscuit Family' has a supply limit of 36. The quantity in your cart has been reduced accordingly. To purchase a larger quantity, please contact us on 1800 000 610. Please note we do not supply trade orders.",
      "SmallFormatDescription": "Anzac Biscuit Family",
      "FullDescription": "Anzac Biscuit Family",
      "IsAvailable": true,
      "InstoreIsAvailable": true,
      "IsPurchasable": true,
      "InstoreIsPurchasable": true,
      "AgeRestricted": false,
      "DisplayQuantity": 1,
      "RichDescription": "Anzac Biscuit Family.",
      "IsDeliveryPass": false,
      "HideWasSavedPrice": false,
      "SapCategories": null,
      "Brand": "anzac",
      "FooterTag": {
        "TagContent": null,
        "TagLink": null,
        "FallbackText": null,
        "TagType": "None"
      },
      "IsFooterEnabled": false,
      "Diagnostics": "48",
      "IsBundle": false,
      "ChildProducts": [],
      "UrlOverride": null,
      "AdditionalAttributes": {
        "sapdepartmentname": "BAKEHOUSE",
        "sapdepartmentno": "45",
        "sapcategoryname": "INSTORE BAKERY",
        "sapcategoryno": "56",
        "sapsubcategoryname": "INSTORE MANUF CAKE/PASTRY",
        "sapsubcategoryno": "978",
        "sapsegmentname": "COOKIES / BISCUITS",
        "sapsegmentno": "11",
        "specialsgroupid": null,
        "PiesProductDepartmentNodeId": "1_DEB537E",
        "PiesProductDepartmentsjson": "[{\"Id\":\"1_DEB537E\",\"Description\":\"Bakery\"}]",
        "piesdepartmentnamesjson": "[\"Bakery\"]",
        "piescategorynamesjson": "[\"Lunch Box\",\"In-Store Bakery\"]",
        "piessubcategorynamesjson": "[\"Donuts & Cookies\",\"Bakery Snacks\"]",
        "servingsize-total-nip": null,
        "servingsperpack-total-nip": null,
        "microwaveable": "False",
        "ovencook": "False",
        "vegetarian": "False",
        "freezable": "False",
        "containsnuts": "False",
        "containsgluten": "False",
        "description": "Anzac Biscuit Family.",
        "ingredients": "INGREDIENTS: Sugar, Wheat Flour, Rolled Oats,Margarine (Palm Oil, Water, Salt, VegetableEmulsifiers (471, 472c), Antioxidant (304),Natural Butter Flavouring, Natural Colour(160a)), Coconut (contains Preservative (223)),Golden Syrup, Water, Raising Agents (450, 500).Contains: Gluten and Sulphites.May be present: Egg, Milk, Peanuts, Soybeans,Sesame Seeds,Tree Nuts.Milk, Sesame Seeds.",
        "nutritionalinformation": "{\"Name\":\"Nutritional Information\",\"Attributes\":[{\"Id\":705,\"Name\":\"Carbohydrate Quantity Per 100g - Total - NIP\",\"Value\":\"64.80g\",\"Description\":\"Carbohydrate Quantity Per 100g - Total - NIP\",\"SortOrder\":83},{\"Id\":706,\"Name\":\"Carbohydrate Quantity Per Serve - Total - NIP\",\"Value\":\"17.50g\",\"Description\":\"Carbohydrate Quantity Per Serve - Total - NIP\",\"SortOrder\":87},{\"Id\":759,\"Name\":\"Energy kJ Quantity Per 100g - Total - NIP\",\"Value\":\"2020.00kJ\",\"Description\":\"Energy kJ Quantity Per 100g - Total - NIP\",\"SortOrder\":239},{\"Id\":760,\"Name\":\"Energy kJ Quantity Per Serve - Total - NIP\",\"Value\":\"545.00kJ\",\"Description\":\"Energy kJ Quantity Per Serve - Total - NIP\",\"SortOrder\":243},{\"Id\":253,\"Name\":\"Fat Saturated Quantity Per 100g - Total - NIP\",\"Value\":\"13.50g\",\"Description\":\"Fat Saturated Quantity Per 100g - Total - NIP\",\"SortOrder\":251},{\"Id\":258,\"Name\":\"Fat Saturated Quantity Per Serve - Total - NIP\",\"Value\":\"3.60g\",\"Description\":\"Fat Saturated Quantity Per Serve - Total - NIP\",\"SortOrder\":255},{\"Id\":764,\"Name\":\"Fat Total Quantity Per 100g - Total - NIP\",\"Value\":\"21.90g\",\"Description\":\"Fat Total Quantity Per 100g - Total - NIP\",\"SortOrder\":263},{\"Id\":264,\"Name\":\"Fat Total Quantity Per Serve - Total - NIP\",\"Value\":\"5.90g\",\"Description\":\"Fat Total Quantity Per Serve - Total - NIP\",\"SortOrder\":267},{\"Id\":878,\"Name\":\"Protein Quantity Per 100g - Total - NIP\",\"Value\":\"4.80g\",\"Description\":\"Protein Quantity Per 100g - Total - NIP\",\"SortOrder\":587},{\"Id\":882,\"Name\":\"Protein Quantity Per Serve - Total - NIP\",\"Value\":\"1.30g\",\"Description\":\"Protein Quantity Per Serve - Total - NIP\",\"SortOrder\":591},{\"Id\":491,\"Name\":\"Sodium Quantity Per 100g - Total - NIP\",\"Value\":\"384.00mg\",\"Description\":\"Sodium Quantity Per 100g - Total - NIP\",\"SortOrder\":623},{\"Id\":495,\"Name\":\"Sodium Quantity Per Serve - Total - NIP\",\"Value\":\"104.00mg\",\"Description\":\"Sodium Quantity Per Serve - Total - NIP\",\"SortOrder\":627},{\"Id\":907,\"Name\":\"Sugars Quantity Per 100g - Prefix - NIP\",\"Value\":null,\"Description\":\"Sugars Quantity Per 100g - Prefix - NIP\",\"SortOrder\":645},{\"Id\":908,\"Name\":\"Sugars Quantity Per 100g - SuffixUnits - NIP\",\"Value\":\"g\",\"Description\":\"Sugars Quantity Per 100g - SuffixUnits - NIP\",\"SortOrder\":646},{\"Id\":909,\"Name\":\"Sugars Quantity Per 100g - Total - NIP\",\"Value\":\"34.90g\",\"Description\":\"Sugars Quantity Per 100g - Total - NIP\",\"SortOrder\":647},{\"Id\":910,\"Name\":\"Sugars Quantity Per 100g - ValueWord - NIP\",\"Value\":\"34.90\",\"Description\":\"Sugars Quantity Per 100g - ValueWord - NIP\",\"SortOrder\":648},{\"Id\":504,\"Name\":\"Sugars Quantity Per Serve - Prefix - NIP\",\"Value\":null,\"Description\":\"Sugars Quantity Per Serve - Prefix - NIP\",\"SortOrder\":649},{\"Id\":911,\"Name\":\"Sugars Quantity Per Serve - SuffixUnits - NIP\",\"Value\":\"g\",\"Description\":\"Sugars Quantity Per Serve - SuffixUnits - NIP\",\"SortOrder\":650},{\"Id\":912,\"Name\":\"Sugars Quantity Per Serve - Total - NIP\",\"Value\":\"9.40g\",\"Description\":\"Sugars Quantity Per Serve - Total - NIP\",\"SortOrder\":651},{\"Id\":572,\"Name\":\"Sugars Quantity Per Serve - ValueWord - NIP\",\"Value\":\"9.40\",\"Description\":\"Sugars Quantity Per Serve - ValueWord - NIP\",\"SortOrder\":652}]}",
        "storageinstructions": null,
        "usageinstructions": null,
        "brand": "anzac",
        "manufacturer": null,
        "countryoforigin": null,
        "productheightmm": null,
        "productwidthmm": null,
        "productdepthmm": null,
        "wool_productpackaging": null,
        "recyclableinformation": null,
        "importantinformation": null,
        "allergencontains": "Gluten, Egg, Soybean, Sulphites",
        "allergenmaybepresent": "Milk, Peanuts, Sesame Seeds, Tree Nuts",
        "allergystatement": "Shellfish Free",
        "lifestyleanddietarystatement": null,
        "lifestyleclaim": "Anzac, Anzac day",
        "wool_dietaryclaim": null,
        "boxedcontents": null,
        "suitablefor": null,
        "fragrance": null,
        "colour": null,
        "antioxidant": "False",
        "addedvitaminsandminerals": "False",
        "bpafree": "False",
        "sulfatefree": "False",
        "parabenfree": "False",
        "claims": null,
        "alcoholfree": null,
        "anti-dandruff": null,
        "dermatologicallyapproved": null,
        "dermatologistrecommended": null,
        "dermatologisttested": null,
        "fragrance-free": null,
        "haircolour": null,
        "hairtype": null,
        "hypo-allergenic": null,
        "non-comedogenic": null,
        "oilfree": null,
        "ophthalmologistapproved": null,
        "ophthalmologisttested": null,
        "paba-free": null,
        "skincondition": null,
        "skintype": null,
        "soap-free": null,
        "spf": null,
        "sweatresistant": null,
        "timer": null,
        "waterresistant": null,
        "phbalanced": null,
        "antiseptic": "False",
        "antibacterial": "False",
        "activeconstituents": null,
        "contains": null,
        "microwavesafe": "False",
        "productimagecount": "1",
        "friendlydisclaimer": null,
        "productimages": "145667.jpg",
        "healthstarrating": "0"
      },
      "DetailsImagePaths": [
        "https://cdn0.woolworths.media/content/wowproductimages/large/145667.jpg"
      ],
      "Variety": "family",
      "Rating": {
        "ReviewCount": 0,
        "RatingCount": 0,
        "OneStarCount": 0,
        "TwoStarCount": 0,
        "ThreeStarCount": 0,
        "FourStarCount": 0,
        "FiveStarCount": 0,
        "Average": 0,
        "OneStarPercentage": 0,
        "TwoStarPercentage": 0,
        "ThreeStarPercentage": 0,
        "FourStarPercentage": 0,
        "FiveStarPercentage": 0
      }
    },
    {
      "Stockcode": 544323,
      "Barcode": "0285885000004",
      "GtinFormat": 13,
      "CupPrice": 4.5,
      "InstoreCupPrice": 4.5,
      "CupMeasure": "1EA",
      "CupString": "$4.50 / 1EA",
      "InstoreCupString": "$4.50 / 1EA",
      "HasCupPrice": true,
      "InstoreHasCupPrice": true,
      "Price": 4.5,
      "InstorePrice": 4.5,
      "Name": "Apple & Cinnamon Tea Cake ",
      "UrlFriendlyName": "apple-cinnamon-tea-cake",
      "Description": " Apple & Cinnamon Tea Cake  each",
      "SmallImageFile": "https://cdn0.woolworths.media/content/wowproductimages/small/544323.jpg",
      "MediumImageFile": "https://cdn0.woolworths.media/content/wowproductimages/medium/544323.jpg",
      "LargeImageFile": "https://cdn0.woolworths.media/content/wowproductimages/large/544323.jpg",
      "IsNew": false,
      "IsOnSpecial": false,
      "InstoreIsOnSpecial": false,
      "IsEdrSpecial": false,
      "SavingsAmount": 0,
      "InstoreSavingsAmount": 0,
      "WasPrice": 4.5,
      "InstoreWasPrice": 4.5,
      "QuantityInTrolley": 0,
      "Unit": "Each",
      "MinimumQuantity": 1,
      "HasBeenBoughtBefore": false,
      "IsInTrolley": false,
      "Source": "Aisle.Bakery",
      "SupplyLimit": 36,
      "IsRanged": false,
      "IsInStock": true,
      "PackageSize": "each",
      "IsPmDelivery": false,
      "IsForCollection": true,
      "IsForDelivery": true,
      "IsForExpress": false,
      "ProductRestrictionMessage": null,
      "CentreTag": {
        "TagContent": null,
        "TagLink": null,
        "FallbackText": null,
        "TagType": "None"
      },
      "IsCentreTag": false,
      "ImageTag": {
        "TagContent": null,
        "TagLink": null,
        "FallbackText": "",
        "TagType": "None"
      },
      "HeaderTag": null,
      "HasHeaderTag": false,
      "UnitWeightInGrams": 488,
      "SupplyLimitMessage": "'Apple & Cinnamon Tea Cake ' has a supply limit of 36. The quantity in your cart has been reduced accordingly. To purchase a larger quantity, please contact us on 1800 000 610. Please note we do not supply trade orders.",
      "SmallFormatDescription": "Apple & Cinnamon Tea Cake ",
      "FullDescription": "Apple & Cinnamon Tea Cake ",
      "IsAvailable": true,
      "InstoreIsAvailable": true,
      "IsPurchasable": true,
      "InstoreIsPurchasable": true,
      "AgeRestricted": false,
      "DisplayQuantity": 1,
      "RichDescription": "Woolworths Apple & Cinnamon Tea Cake.",
      "IsDeliveryPass": false,
      "HideWasSavedPrice": false,
      "SapCategories": null,
      "Brand": "apple & cinnamon",
      "FooterTag": {
        "TagContent": null,
        "TagLink": null,
        "FallbackText": null,
        "TagType": "None"
      },
      "IsFooterEnabled": false,
      "Diagnostics": "49",
      "IsBundle": false,
      "ChildProducts": [],
      "UrlOverride": null,
      "AdditionalAttributes": {
        "sapdepartmentname": "BAKEHOUSE",
        "sapdepartmentno": "45",
        "sapcategoryname": "INSTORE BAKERY",
        "sapcategoryno": "56",
        "sapsubcategoryname": "INSTORE MANUF CAKE/PASTRY",
        "sapsubcategoryno": "978",
        "sapsegmentname": "UTILITY",
        "sapsegmentno": "5",
        "specialsgroupid": null,
        "PiesProductDepartmentNodeId": "1_DEB537E",
        "PiesProductDepartmentsjson": "[{\"Id\":\"1_DEB537E\",\"Description\":\"Bakery\"}]",
        "piesdepartmentnamesjson": "[\"Bakery\"]",
        "piescategorynamesjson": "[\"In-Store Bakery\"]",
        "piessubcategorynamesjson": "[\"Bakery Cakes\"]",
        "servingsize-total-nip": null,
        "servingsperpack-total-nip": null,
        "microwaveable": "False",
        "ovencook": "False",
        "vegetarian": "False",
        "freezable": "False",
        "containsnuts": "False",
        "containsgluten": "False",
        "description": "Woolworths Apple & Cinnamon Tea Cake.",
        "ingredients": "INGREDIENTS:Wheat Flour,Water,Sugar,Apples(Apples(16%),Acidity Regulator (300),Firming Agent(509)),Eggs, Water,Vegetable Oils(Palm Oil,Coconut Oil,Emulsifiers(471,477),Antioxidants(322 from Soy,307)),Whey Powder,Raising Agents(450,500),Thickeners(1422, 415),Emulsifiers((472b,472a)(Palm)Milk Powder,Stabiliser(450),Emulsifier(475,471),Salt,Buttermilk powder,Preservative (281),Glaze (Glucose Syrup, Water, Vegetable Gum (440),Acidity Regulators(330, 331), Mineral Salt(509),Preservative(202)),Cinnamon Sugar(Sugar,Oat FibreSpices (Cinnamon (0.02%)), Palm Fat,Milk Powder,Antioxidant (307b) Canola Oil)Contains:Egg,Gluten,Milk and Soybeans.May be present: Peanuts, Sesame Seeds,Tree Nutsand Sulphites.",
        "nutritionalinformation": "{\"Name\":\"Nutritional Information\",\"Attributes\":[{\"Id\":705,\"Name\":\"Carbohydrate Quantity Per 100g - Total - NIP\",\"Value\":\"45.40g\",\"Description\":\"Carbohydrate Quantity Per 100g - Total - NIP\",\"SortOrder\":83},{\"Id\":706,\"Name\":\"Carbohydrate Quantity Per Serve - Total - NIP\",\"Value\":\"27.70g\",\"Description\":\"Carbohydrate Quantity Per Serve - Total - NIP\",\"SortOrder\":87},{\"Id\":759,\"Name\":\"Energy kJ Quantity Per 100g - Total - NIP\",\"Value\":\"1130.00kJ\",\"Description\":\"Energy kJ Quantity Per 100g - Total - NIP\",\"SortOrder\":239},{\"Id\":760,\"Name\":\"Energy kJ Quantity Per Serve - Total - NIP\",\"Value\":\"689.00kJ\",\"Description\":\"Energy kJ Quantity Per Serve - Total - NIP\",\"SortOrder\":243},{\"Id\":253,\"Name\":\"Fat Saturated Quantity Per 100g - Total - NIP\",\"Value\":\"4.20g\",\"Description\":\"Fat Saturated Quantity Per 100g - Total - NIP\",\"SortOrder\":251},{\"Id\":258,\"Name\":\"Fat Saturated Quantity Per Serve - Total - NIP\",\"Value\":\"2.60g\",\"Description\":\"Fat Saturated Quantity Per Serve - Total - NIP\",\"SortOrder\":255},{\"Id\":764,\"Name\":\"Fat Total Quantity Per 100g - Total - NIP\",\"Value\":\"7.50g\",\"Description\":\"Fat Total Quantity Per 100g - Total - NIP\",\"SortOrder\":263},{\"Id\":264,\"Name\":\"Fat Total Quantity Per Serve - Total - NIP\",\"Value\":\"4.60g\",\"Description\":\"Fat Total Quantity Per Serve - Total - NIP\",\"SortOrder\":267},{\"Id\":878,\"Name\":\"Protein Quantity Per 100g - Total - NIP\",\"Value\":\"4.10g\",\"Description\":\"Protein Quantity Per 100g - Total - NIP\",\"SortOrder\":587},{\"Id\":882,\"Name\":\"Protein Quantity Per Serve - Total - NIP\",\"Value\":\"2.50g\",\"Description\":\"Protein Quantity Per Serve - Total - NIP\",\"SortOrder\":591},{\"Id\":491,\"Name\":\"Sodium Quantity Per 100g - Total - NIP\",\"Value\":\"369.00mg\",\"Description\":\"Sodium Quantity Per 100g - Total - NIP\",\"SortOrder\":623},{\"Id\":495,\"Name\":\"Sodium Quantity Per Serve - Total - NIP\",\"Value\":\"225.00mg\",\"Description\":\"Sodium Quantity Per Serve - Total - NIP\",\"SortOrder\":627},{\"Id\":907,\"Name\":\"Sugars Quantity Per 100g - Prefix - NIP\",\"Value\":null,\"Description\":\"Sugars Quantity Per 100g - Prefix - NIP\",\"SortOrder\":645},{\"Id\":908,\"Name\":\"Sugars Quantity Per 100g - SuffixUnits - NIP\",\"Value\":\"g\",\"Description\":\"Sugars Quantity Per 100g - SuffixUnits - NIP\",\"SortOrder\":646},{\"Id\":909,\"Name\":\"Sugars Quantity Per 100g - Total - NIP\",\"Value\":\"27.70g\",\"Description\":\"Sugars Quantity Per 100g - Total - NIP\",\"SortOrder\":647},{\"Id\":910,\"Name\":\"Sugars Quantity Per 100g - ValueWord - NIP\",\"Value\":\"27.70\",\"Description\":\"Sugars Quantity Per 100g - ValueWord - NIP\",\"SortOrder\":648},{\"Id\":504,\"Name\":\"Sugars Quantity Per Serve - Prefix - NIP\",\"Value\":null,\"Description\":\"Sugars Quantity Per Serve - Prefix - NIP\",\"SortOrder\":649},{\"Id\":911,\"Name\":\"Sugars Quantity Per Serve - SuffixUnits - NIP\",\"Value\":\"g\",\"Description\":\"Sugars Quantity Per Serve - SuffixUnits - NIP\",\"SortOrder\":650},{\"Id\":912,\"Name\":\"Sugars Quantity Per Serve - Total - NIP\",\"Value\":\"16.90g\",\"Description\":\"Sugars Quantity Per Serve - Total - NIP\",\"SortOrder\":651},{\"Id\":572,\"Name\":\"Sugars Quantity Per Serve - ValueWord - NIP\",\"Value\":\"16.90\",\"Description\":\"Sugars Quantity Per Serve - ValueWord - NIP\",\"SortOrder\":652}]}",
        "storageinstructions": null,
        "usageinstructions": null,
        "brand": "apple & cinnamon",
        "manufacturer": null,
        "countryoforigin": null,
        "productheightmm": null,
        "productwidthmm": null,
        "productdepthmm": null,
        "wool_productpackaging": null,
        "recyclableinformation": null,
        "importantinformation": null,
        "allergencontains": "Egg, Gluten, Milk, Soybean",
        "allergenmaybepresent": "Peanuts, Sesame Seeds, Sulphites, Tree Nuts",
        "allergystatement": "Lupin Free",
        "lifestyleanddietarystatement": null,
        "lifestyleclaim": null,
        "wool_dietaryclaim": null,
        "boxedcontents": null,
        "suitablefor": null,
        "fragrance": null,
        "colour": null,
        "antioxidant": "False",
        "addedvitaminsandminerals": "False",
        "bpafree": "False",
        "sulfatefree": "False",
        "parabenfree": "False",
        "claims": null,
        "alcoholfree": null,
        "anti-dandruff": null,
        "dermatologicallyapproved": null,
        "dermatologistrecommended": null,
        "dermatologisttested": null,
        "fragrance-free": null,
        "haircolour": null,
        "hairtype": null,
        "hypo-allergenic": null,
        "non-comedogenic": null,
        "oilfree": null,
        "ophthalmologistapproved": null,
        "ophthalmologisttested": null,
        "paba-free": null,
        "skincondition": null,
        "skintype": null,
        "soap-free": null,
        "spf": null,
        "sweatresistant": null,
        "timer": null,
        "waterresistant": null,
        "phbalanced": null,
        "antiseptic": "False",
        "antibacterial": "False",
        "activeconstituents": null,
        "contains": null,
        "microwavesafe": "False",
        "productimagecount": "2",
        "friendlydisclaimer": null,
        "productimages": "544323.jpg,544323_1.jpg",
        "healthstarrating": "0"
      },
      "DetailsImagePaths": [
        "https://cdn0.woolworths.media/content/wowproductimages/large/544323.jpg",
        "https://cdn0.woolworths.media/content/wowproductimages/large/544323_1.jpg"
      ],
      "Variety": "",
      "Rating": {
        "ReviewCount": 0,
        "RatingCount": 0,
        "OneStarCount": 0,
        "TwoStarCount": 0,
        "ThreeStarCount": 0,
        "FourStarCount": 0,
        "FiveStarCount": 0,
        "Average": 0,
        "OneStarPercentage": 0,
        "TwoStarPercentage": 0,
        "ThreeStarPercentage": 0,
        "FourStarPercentage": 0,
        "FiveStarPercentage": 0
      }
    },
    {
      "Stockcode": 544322,
      "Barcode": "0285884000005",
      "GtinFormat": 13,
      "CupPrice": 4.5,
      "InstoreCupPrice": 4.5,
      "CupMeasure": "1EA",
      "CupString": "$4.50 / 1EA",
      "InstoreCupString": "$4.50 / 1EA",
      "HasCupPrice": true,
      "InstoreHasCupPrice": true,
      "Price": 4.5,
      "InstorePrice": 4.5,
      "Name": "Apricot Tea Cake ",
      "UrlFriendlyName": "apricot-tea-cake",
      "Description": " Apricot Tea Cake  each",
      "SmallImageFile": "https://cdn0.woolworths.media/content/wowproductimages/small/544322.jpg",
      "MediumImageFile": "https://cdn0.woolworths.media/content/wowproductimages/medium/544322.jpg",
      "LargeImageFile": "https://cdn0.woolworths.media/content/wowproductimages/large/544322.jpg",
      "IsNew": false,
      "IsOnSpecial": false,
      "InstoreIsOnSpecial": false,
      "IsEdrSpecial": false,
      "SavingsAmount": 0,
      "InstoreSavingsAmount": 0,
      "WasPrice": 4.5,
      "InstoreWasPrice": 4.5,
      "QuantityInTrolley": 0,
      "Unit": "Each",
      "MinimumQuantity": 1,
      "HasBeenBoughtBefore": false,
      "IsInTrolley": false,
      "Source": "Aisle.Bakery",
      "SupplyLimit": 36,
      "IsRanged": false,
      "IsInStock": true,
      "PackageSize": "each",
      "IsPmDelivery": false,
      "IsForCollection": true,
      "IsForDelivery": true,
      "IsForExpress": false,
      "ProductRestrictionMessage": null,
      "CentreTag": {
        "TagContent": null,
        "TagLink": null,
        "FallbackText": null,
        "TagType": "None"
      },
      "IsCentreTag": false,
      "ImageTag": {
        "TagContent": null,
        "TagLink": null,
        "FallbackText": "",
        "TagType": "None"
      },
      "HeaderTag": null,
      "HasHeaderTag": false,
      "UnitWeightInGrams": 480,
      "SupplyLimitMessage": "'Apricot Tea Cake ' has a supply limit of 36. The quantity in your cart has been reduced accordingly. To purchase a larger quantity, please contact us on 1800 000 610. Please note we do not supply trade orders.",
      "SmallFormatDescription": "Apricot Tea Cake ",
      "FullDescription": "Apricot Tea Cake ",
      "IsAvailable": true,
      "InstoreIsAvailable": true,
      "IsPurchasable": true,
      "InstoreIsPurchasable": true,
      "AgeRestricted": false,
      "DisplayQuantity": 1,
      "RichDescription": "Woolworths Apricot Tea Cake.",
      "IsDeliveryPass": false,
      "HideWasSavedPrice": false,
      "SapCategories": null,
      "Brand": "apricot",
      "FooterTag": {
        "TagContent": null,
        "TagLink": null,
        "FallbackText": null,
        "TagType": "None"
      },
      "IsFooterEnabled": false,
      "Diagnostics": "50",
      "IsBundle": false,
      "ChildProducts": [],
      "UrlOverride": null,
      "AdditionalAttributes": {
        "sapdepartmentname": "BAKEHOUSE",
        "sapdepartmentno": "45",
        "sapcategoryname": "INSTORE BAKERY",
        "sapcategoryno": "56",
        "sapsubcategoryname": "INSTORE MANUF CAKE/PASTRY",
        "sapsubcategoryno": "978",
        "sapsegmentname": "UTILITY",
        "sapsegmentno": "5",
        "specialsgroupid": null,
        "PiesProductDepartmentNodeId": "1_DEB537E",
        "PiesProductDepartmentsjson": "[{\"Id\":\"1_DEB537E\",\"Description\":\"Bakery\"}]",
        "piesdepartmentnamesjson": "[\"Bakery\"]",
        "piescategorynamesjson": "[\"In-Store Bakery\"]",
        "piessubcategorynamesjson": "[\"Bakery Cakes\"]",
        "servingsize-total-nip": null,
        "servingsperpack-total-nip": null,
        "microwaveable": "False",
        "ovencook": "False",
        "vegetarian": "False",
        "freezable": "False",
        "containsnuts": "False",
        "containsgluten": "False",
        "description": "Woolworths Apricot Tea Cake.",
        "ingredients": "Ingredients: Wheat Flour, Sugar, Apricots (17%)(Apricots (59%), Water, Sugar, Firming Agent (509)), Water, Eggs, Vegetable Shortening (Palm Oil, Coconut Oil, Emulsifiers (471, 477), Antioxidants (322 From Soy, 307)), Glaze (Includes Glucose (FromWheat), Vegetable Gum (407), Acidity Regulators (330, 331), Preservative (202)), Milk Solids, Raising Agents (450, 500), Thickeners (1422, 415), Emulsifier Blend (Emulsifiers (472b, 472a, 475, 471), Milk Solids), Salt, Buttermilk Solids, Preservative(281).Contains: Egg, Gluten, Milk and Soybeans.May be present: Peanuts, Sesame Seeds, Tree Nuts, Sulphites and Lupin.",
        "nutritionalinformation": "{\"Name\":\"Nutritional Information\",\"Attributes\":[{\"Id\":705,\"Name\":\"Carbohydrate Quantity Per 100g - Total - NIP\",\"Value\":\"44.10g\",\"Description\":\"Carbohydrate Quantity Per 100g - Total - NIP\",\"SortOrder\":83},{\"Id\":706,\"Name\":\"Carbohydrate Quantity Per Serve - Total - NIP\",\"Value\":\"22.90g\",\"Description\":\"Carbohydrate Quantity Per Serve - Total - NIP\",\"SortOrder\":87},{\"Id\":759,\"Name\":\"Energy kJ Quantity Per 100g - Total - NIP\",\"Value\":\"1110.00kJ\",\"Description\":\"Energy kJ Quantity Per 100g - Total - NIP\",\"SortOrder\":239},{\"Id\":760,\"Name\":\"Energy kJ Quantity Per Serve - Total - NIP\",\"Value\":\"577.00kJ\",\"Description\":\"Energy kJ Quantity Per Serve - Total - NIP\",\"SortOrder\":243},{\"Id\":253,\"Name\":\"Fat Saturated Quantity Per 100g - Total - NIP\",\"Value\":\"4.30g\",\"Description\":\"Fat Saturated Quantity Per 100g - Total - NIP\",\"SortOrder\":251},{\"Id\":258,\"Name\":\"Fat Saturated Quantity Per Serve - Total - NIP\",\"Value\":\"2.20g\",\"Description\":\"Fat Saturated Quantity Per Serve - Total - NIP\",\"SortOrder\":255},{\"Id\":764,\"Name\":\"Fat Total Quantity Per 100g - Total - NIP\",\"Value\":\"7.50g\",\"Description\":\"Fat Total Quantity Per 100g - Total - NIP\",\"SortOrder\":263},{\"Id\":264,\"Name\":\"Fat Total Quantity Per Serve - Total - NIP\",\"Value\":\"3.90g\",\"Description\":\"Fat Total Quantity Per Serve - Total - NIP\",\"SortOrder\":267},{\"Id\":878,\"Name\":\"Protein Quantity Per 100g - Total - NIP\",\"Value\":\"4.30g\",\"Description\":\"Protein Quantity Per 100g - Total - NIP\",\"SortOrder\":587},{\"Id\":882,\"Name\":\"Protein Quantity Per Serve - Total - NIP\",\"Value\":\"2.20g\",\"Description\":\"Protein Quantity Per Serve - Total - NIP\",\"SortOrder\":591},{\"Id\":491,\"Name\":\"Sodium Quantity Per 100g - Total - NIP\",\"Value\":\"372.00mg\",\"Description\":\"Sodium Quantity Per 100g - Total - NIP\",\"SortOrder\":623},{\"Id\":495,\"Name\":\"Sodium Quantity Per Serve - Total - NIP\",\"Value\":\"193.00mg\",\"Description\":\"Sodium Quantity Per Serve - Total - NIP\",\"SortOrder\":627},{\"Id\":907,\"Name\":\"Sugars Quantity Per 100g - Prefix - NIP\",\"Value\":null,\"Description\":\"Sugars Quantity Per 100g - Prefix - NIP\",\"SortOrder\":645},{\"Id\":908,\"Name\":\"Sugars Quantity Per 100g - SuffixUnits - NIP\",\"Value\":\"g\",\"Description\":\"Sugars Quantity Per 100g - SuffixUnits - NIP\",\"SortOrder\":646},{\"Id\":909,\"Name\":\"Sugars Quantity Per 100g - Total - NIP\",\"Value\":\"26.20g\",\"Description\":\"Sugars Quantity Per 100g - Total - NIP\",\"SortOrder\":647},{\"Id\":910,\"Name\":\"Sugars Quantity Per 100g - ValueWord - NIP\",\"Value\":\"26.20\",\"Description\":\"Sugars Quantity Per 100g - ValueWord - NIP\",\"SortOrder\":648},{\"Id\":504,\"Name\":\"Sugars Quantity Per Serve - Prefix - NIP\",\"Value\":null,\"Description\":\"Sugars Quantity Per Serve - Prefix - NIP\",\"SortOrder\":649},{\"Id\":911,\"Name\":\"Sugars Quantity Per Serve - SuffixUnits - NIP\",\"Value\":\"g\",\"Description\":\"Sugars Quantity Per Serve - SuffixUnits - NIP\",\"SortOrder\":650},{\"Id\":912,\"Name\":\"Sugars Quantity Per Serve - Total - NIP\",\"Value\":\"13.60g\",\"Description\":\"Sugars Quantity Per Serve - Total - NIP\",\"SortOrder\":651},{\"Id\":572,\"Name\":\"Sugars Quantity Per Serve - ValueWord - NIP\",\"Value\":\"13.60\",\"Description\":\"Sugars Quantity Per Serve - ValueWord - NIP\",\"SortOrder\":652}]}",
        "storageinstructions": null,
        "usageinstructions": null,
        "brand": "apricot",
        "manufacturer": null,
        "countryoforigin": null,
        "productheightmm": null,
        "productwidthmm": null,
        "productdepthmm": null,
        "wool_productpackaging": null,
        "recyclableinformation": null,
        "importantinformation": null,
        "allergencontains": "Egg, Gluten, Milk, Soybean",
        "allergenmaybepresent": "Peanuts, Sesame Seeds, Sulphites, Tree Nuts",
        "allergystatement": "Crustacea Free",
        "lifestyleanddietarystatement": null,
        "lifestyleclaim": null,
        "wool_dietaryclaim": null,
        "boxedcontents": null,
        "suitablefor": null,
        "fragrance": null,
        "colour": null,
        "antioxidant": "False",
        "addedvitaminsandminerals": "False",
        "bpafree": "False",
        "sulfatefree": "False",
        "parabenfree": "False",
        "claims": null,
        "alcoholfree": null,
        "anti-dandruff": null,
        "dermatologicallyapproved": null,
        "dermatologistrecommended": null,
        "dermatologisttested": null,
        "fragrance-free": null,
        "haircolour": null,
        "hairtype": null,
        "hypo-allergenic": null,
        "non-comedogenic": null,
        "oilfree": null,
        "ophthalmologistapproved": null,
        "ophthalmologisttested": null,
        "paba-free": null,
        "skincondition": null,
        "skintype": null,
        "soap-free": null,
        "spf": null,
        "sweatresistant": null,
        "timer": null,
        "waterresistant": null,
        "phbalanced": null,
        "antiseptic": "False",
        "antibacterial": "False",
        "activeconstituents": null,
        "contains": null,
        "microwavesafe": "False",
        "productimagecount": "2",
        "friendlydisclaimer": null,
        "productimages": "544322.jpg,544322_1.jpg",
        "healthstarrating": "0"
      },
      "DetailsImagePaths": [
        "https://cdn0.woolworths.media/content/wowproductimages/large/544322.jpg",
        "https://cdn0.woolworths.media/content/wowproductimages/large/544322_1.jpg"
      ],
      "Variety": "",
      "Rating": {
        "ReviewCount": 0,
        "RatingCount": 0,
        "OneStarCount": 0,
        "TwoStarCount": 0,
        "ThreeStarCount": 0,
        "FourStarCount": 0,
        "FiveStarCount": 0,
        "Average": 0,
        "OneStarPercentage": 0,
        "TwoStarPercentage": 0,
        "ThreeStarPercentage": 0,
        "FourStarPercentage": 0,
        "FiveStarPercentage": 0
      }
    },
    {
      "Stockcode": 813766,
      "Barcode": "9310072030272",
      "GtinFormat": 13,
      "CupPrice": 2.8,
      "InstoreCupPrice": 2.8,
      "CupMeasure": "100G",
      "CupString": "$2.80 / 100G",
      "InstoreCupString": "$2.80 / 100G",
      "HasCupPrice": true,
      "InstoreHasCupPrice": true,
      "Price": 5.6,
      "InstorePrice": 5.6,
      "Name": "Arnotts Sponge Cake Iced Vovo",
      "UrlFriendlyName": "arnotts-sponge-cake-iced-vovo",
      "Description": " Arnotts Sponge Cake Iced<br>Vovo 200g",
      "SmallImageFile": "https://cdn0.woolworths.media/content/wowproductimages/small/813766.jpg",
      "MediumImageFile": "https://cdn0.woolworths.media/content/wowproductimages/medium/813766.jpg",
      "LargeImageFile": "https://cdn0.woolworths.media/content/wowproductimages/large/813766.jpg",
      "IsNew": true,
      "IsOnSpecial": false,
      "InstoreIsOnSpecial": false,
      "IsEdrSpecial": false,
      "SavingsAmount": 0,
      "InstoreSavingsAmount": 0,
      "WasPrice": 5.6,
      "InstoreWasPrice": 5.6,
      "QuantityInTrolley": 0,
      "Unit": "Each",
      "MinimumQuantity": 1,
      "HasBeenBoughtBefore": false,
      "IsInTrolley": false,
      "Source": "Aisle.Bakery",
      "SupplyLimit": 36,
      "IsRanged": false,
      "IsInStock": true,
      "PackageSize": "200g",
      "IsPmDelivery": false,
      "IsForCollection": true,
      "IsForDelivery": true,
      "IsForExpress": false,
      "ProductRestrictionMessage": null,
      "CentreTag": {
        "TagContent": null,
        "TagLink": null,
        "FallbackText": null,
        "TagType": "None"
      },
      "IsCentreTag": false,
      "ImageTag": {
        "TagContent": null,
        "TagLink": null,
        "FallbackText": "",
        "TagType": "None"
      },
      "HeaderTag": null,
      "HasHeaderTag": false,
      "UnitWeightInGrams": 215,
      "SupplyLimitMessage": "'Arnotts Sponge Cake Iced Vovo' has a supply limit of 36. The quantity in your cart has been reduced accordingly. To purchase a larger quantity, please contact us on 1800 000 610. Please note we do not supply trade orders.",
      "SmallFormatDescription": "Arnotts Sponge Cake Iced Vovo",
      "FullDescription": "Arnotts Sponge Cake Iced Vovo",
      "IsAvailable": true,
      "InstoreIsAvailable": true,
      "IsPurchasable": true,
      "InstoreIsPurchasable": true,
      "AgeRestricted": false,
      "DisplayQuantity": 1,
      "RichDescription": null,
      "IsDeliveryPass": false,
      "HideWasSavedPrice": false,
      "SapCategories": null,
      "Brand": "arnotts",
      "FooterTag": {
        "TagContent": null,
        "TagLink": null,
        "FallbackText": null,
        "TagType": "None"
      },
      "IsFooterEnabled": false,
      "Diagnostics": "53",
      "IsBundle": false,
      "ChildProducts": [],
      "UrlOverride": null,
      "AdditionalAttributes": {
        "sapdepartmentname": "PROPRIETARY BAKERY",
        "sapdepartmentno": "47",
        "sapcategoryname": "PROPRIETARY BAKERY",
        "sapcategoryno": "60",
        "sapsubcategoryname": "RESALE CAKE",
        "sapsubcategoryno": "954",
        "sapsegmentname": "CAKES TO GO/LUNCH BOX",
        "sapsegmentno": "3",
        "specialsgroupid": null,
        "PiesProductDepartmentNodeId": "1_DEB537E",
        "PiesProductDepartmentsjson": "[{\"Id\":\"1_DEB537E\",\"Description\":\"Bakery\"}]",
        "piesdepartmentnamesjson": "[\"Bakery\"]",
        "piescategorynamesjson": "[\"Packaged Bread & Bakery\"]",
        "piessubcategorynamesjson": "[\"Cakes\"]",
        "servingsize-total-nip": null,
        "servingsperpack-total-nip": null,
        "microwaveable": "False",
        "ovencook": "False",
        "vegetarian": "False",
        "freezable": "False",
        "containsnuts": "False",
        "containsgluten": "False",
        "description": null,
        "ingredients": null,
        "nutritionalinformation": null,
        "storageinstructions": null,
        "usageinstructions": null,
        "brand": "arnotts",
        "manufacturer": null,
        "countryoforigin": null,
        "productheightmm": null,
        "productwidthmm": null,
        "productdepthmm": null,
        "wool_productpackaging": null,
        "recyclableinformation": null,
        "importantinformation": null,
        "allergencontains": null,
        "allergenmaybepresent": null,
        "allergystatement": null,
        "lifestyleanddietarystatement": null,
        "lifestyleclaim": null,
        "wool_dietaryclaim": null,
        "boxedcontents": null,
        "suitablefor": null,
        "fragrance": null,
        "colour": null,
        "antioxidant": "False",
        "addedvitaminsandminerals": "False",
        "bpafree": "False",
        "sulfatefree": "False",
        "parabenfree": "False",
        "claims": null,
        "alcoholfree": null,
        "anti-dandruff": null,
        "dermatologicallyapproved": null,
        "dermatologistrecommended": null,
        "dermatologisttested": null,
        "fragrance-free": null,
        "haircolour": null,
        "hairtype": null,
        "hypo-allergenic": null,
        "non-comedogenic": null,
        "oilfree": null,
        "ophthalmologistapproved": null,
        "ophthalmologisttested": null,
        "paba-free": null,
        "skincondition": null,
        "skintype": null,
        "soap-free": null,
        "spf": null,
        "sweatresistant": null,
        "timer": null,
        "waterresistant": null,
        "phbalanced": null,
        "antiseptic": "False",
        "antibacterial": "False",
        "activeconstituents": null,
        "contains": null,
        "microwavesafe": "False",
        "productimagecount": "2",
        "friendlydisclaimer": null,
        "productimages": "813766.jpg,813766_1.jpg",
        "healthstarrating": "0"
      },
      "DetailsImagePaths": [
        "https://cdn0.woolworths.media/content/wowproductimages/large/813766.jpg",
        "https://cdn0.woolworths.media/content/wowproductimages/large/813766_1.jpg"
      ],
      "Variety": "iced vovo",
      "Rating": {
        "ReviewCount": 0,
        "RatingCount": 0,
        "OneStarCount": 0,
        "TwoStarCount": 0,
        "ThreeStarCount": 0,
        "FourStarCount": 0,
        "FiveStarCount": 0,
        "Average": 0,
        "OneStarPercentage": 0,
        "TwoStarPercentage": 0,
        "ThreeStarPercentage": 0,
        "FourStarPercentage": 0,
        "FiveStarPercentage": 0
      }
    },
    {
      "Stockcode": 524372,
      "Barcode": "9340078000757",
      "GtinFormat": 13,
      "CupPrice": 0.95,
      "InstoreCupPrice": 0.95,
      "CupMeasure": "100G",
      "CupString": "$0.95 / 100G",
      "InstoreCupString": "$0.95 / 100G",
      "HasCupPrice": true,
      "InstoreHasCupPrice": true,
      "Price": 6,
      "InstorePrice": 6,
      "Name": "Artisan Sourdough Bakers Dark Rye Sourdough",
      "UrlFriendlyName": "artisan-sourdough-bakers-dark-rye-sourdough",
      "Description": " Artisan Sourdough Bakers<br>Dark Rye Sourdough 630g",
      "SmallImageFile": "https://cdn0.woolworths.media/content/wowproductimages/small/524372.jpg",
      "MediumImageFile": "https://cdn0.woolworths.media/content/wowproductimages/medium/524372.jpg",
      "LargeImageFile": "https://cdn0.woolworths.media/content/wowproductimages/large/524372.jpg",
      "IsNew": false,
      "IsOnSpecial": false,
      "InstoreIsOnSpecial": false,
      "IsEdrSpecial": false,
      "SavingsAmount": 0,
      "InstoreSavingsAmount": 0,
      "WasPrice": 6,
      "InstoreWasPrice": 6,
      "QuantityInTrolley": 0,
      "Unit": "Each",
      "MinimumQuantity": 1,
      "HasBeenBoughtBefore": false,
      "IsInTrolley": false,
      "Source": "Aisle.Bakery",
      "SupplyLimit": 36,
      "IsRanged": false,
      "IsInStock": true,
      "PackageSize": "630g",
      "IsPmDelivery": true,
      "IsForCollection": true,
      "IsForDelivery": true,
      "IsForExpress": false,
      "ProductRestrictionMessage": "Available for afternoon delivery and pick up orders",
      "CentreTag": {
        "TagContent": null,
        "TagLink": null,
        "FallbackText": null,
        "TagType": "None"
      },
      "IsCentreTag": false,
      "ImageTag": {
        "TagContent": null,
        "TagLink": null,
        "FallbackText": "",
        "TagType": "None"
      },
      "HeaderTag": null,
      "HasHeaderTag": false,
      "UnitWeightInGrams": 630,
      "SupplyLimitMessage": "'Artisan Sourdough Bakers Dark Rye Sourdough' has a supply limit of 36. The quantity in your cart has been reduced accordingly. To purchase a larger quantity, please contact us on 1800 000 610. Please note we do not supply trade orders.",
      "SmallFormatDescription": "Artisan Sourdough Bakers Dark Rye Sourdough",
      "FullDescription": "Artisan Sourdough Bakers Dark Rye Sourdough",
      "IsAvailable": true,
      "InstoreIsAvailable": true,
      "IsPurchasable": true,
      "InstoreIsPurchasable": true,
      "AgeRestricted": false,
      "DisplayQuantity": 1,
      "RichDescription": "<p>All our sourdough loaves are beautifully made with natural and honest ingredients, using traditional artisan techniques.</p>",
      "IsDeliveryPass": false,
      "HideWasSavedPrice": false,
      "SapCategories": null,
      "Brand": "artisan sourdough bakers",
      "FooterTag": {
        "TagContent": null,
        "TagLink": null,
        "FallbackText": null,
        "TagType": "None"
      },
      "IsFooterEnabled": true,
      "Diagnostics": "54",
      "IsBundle": false,
      "ChildProducts": [],
      "UrlOverride": null,
      "AdditionalAttributes": {
        "sapdepartmentname": "BAKEHOUSE",
        "sapdepartmentno": "45",
        "sapcategoryname": "INSTORE BAKERY",
        "sapcategoryno": "56",
        "sapsubcategoryname": "ISB SPECIALTY BREAD",
        "sapsubcategoryno": "979",
        "sapsegmentname": "WHOLEMEAL/GRAIN/SEEDED",
        "sapsegmentno": "2",
        "specialsgroupid": null,
        "PiesProductDepartmentNodeId": "1_DEB537E",
        "PiesProductDepartmentsjson": "[{\"Id\":\"1_DEB537E\",\"Description\":\"Bakery\"}]",
        "piesdepartmentnamesjson": "[\"Bakery\"]",
        "piescategorynamesjson": "[\"In-Store Bakery\"]",
        "piessubcategorynamesjson": "[\"Sourdough & Specialty Bread\"]",
        "servingsize-total-nip": null,
        "servingsperpack-total-nip": null,
        "microwaveable": "False",
        "ovencook": "False",
        "vegetarian": "False",
        "freezable": "False",
        "containsnuts": "False",
        "containsgluten": "False",
        "description": "<p>All our sourdough loaves are beautifully made with natural and honest ingredients, using traditional artisan techniques.</p>",
        "ingredients": "Wheat Flour, Water, Rye Flour (15%), Sourdough Culture (15%), Iodised Sea Salt, Barley Malt Flour (1%), Wheat Gluten, Vitamins (Thiamin, Folate).",
        "nutritionalinformation": "{\"Name\":\"Nutritional Information\",\"Attributes\":[{\"Id\":705,\"Name\":\"Carbohydrate Quantity Per 100g - Total - NIP\",\"Value\":\"43.6g\",\"Description\":\"Carbohydrate Quantity Per 100g - Total - NIP\",\"SortOrder\":83},{\"Id\":706,\"Name\":\"Carbohydrate Quantity Per Serve - Total - NIP\",\"Value\":\"54.5g\",\"Description\":\"Carbohydrate Quantity Per Serve - Total - NIP\",\"SortOrder\":87},{\"Id\":759,\"Name\":\"Energy kJ Quantity Per 100g - Total - NIP\",\"Value\":\"931kJ\",\"Description\":\"Energy kJ Quantity Per 100g - Total - NIP\",\"SortOrder\":239},{\"Id\":760,\"Name\":\"Energy kJ Quantity Per Serve - Total - NIP\",\"Value\":\"1160kJ\",\"Description\":\"Energy kJ Quantity Per Serve - Total - NIP\",\"SortOrder\":243},{\"Id\":253,\"Name\":\"Fat Saturated Quantity Per 100g - Total - NIP\",\"Value\":\"0.2g\",\"Description\":\"Fat Saturated Quantity Per 100g - Total - NIP\",\"SortOrder\":251},{\"Id\":258,\"Name\":\"Fat Saturated Quantity Per Serve - Total - NIP\",\"Value\":\"0.2g\",\"Description\":\"Fat Saturated Quantity Per Serve - Total - NIP\",\"SortOrder\":255},{\"Id\":764,\"Name\":\"Fat Total Quantity Per 100g - Total - NIP\",\"Value\":\"1.1g\",\"Description\":\"Fat Total Quantity Per 100g - Total - NIP\",\"SortOrder\":263},{\"Id\":264,\"Name\":\"Fat Total Quantity Per Serve - Total - NIP\",\"Value\":\"1.3g\",\"Description\":\"Fat Total Quantity Per Serve - Total - NIP\",\"SortOrder\":267},{\"Id\":878,\"Name\":\"Protein Quantity Per 100g - Total - NIP\",\"Value\":\"7.4g\",\"Description\":\"Protein Quantity Per 100g - Total - NIP\",\"SortOrder\":587},{\"Id\":882,\"Name\":\"Protein Quantity Per Serve - Total - NIP\",\"Value\":\"9.3g\",\"Description\":\"Protein Quantity Per Serve - Total - NIP\",\"SortOrder\":591},{\"Id\":477,\"Name\":\"Serving Size - Total - NIP\",\"Value\":\"125g\",\"Description\":\"Serving Size - Total - NIP\",\"SortOrder\":607},{\"Id\":544,\"Name\":\"Servings Per Pack - Total - NIP\",\"Value\":\"5\",\"Description\":\"Servings Per Pack - Total - NIP\",\"SortOrder\":611},{\"Id\":491,\"Name\":\"Sodium Quantity Per 100g - Total - NIP\",\"Value\":\"507mg\",\"Description\":\"Sodium Quantity Per 100g - Total - NIP\",\"SortOrder\":623},{\"Id\":495,\"Name\":\"Sodium Quantity Per Serve - Total - NIP\",\"Value\":\"634mg\",\"Description\":\"Sodium Quantity Per Serve - Total - NIP\",\"SortOrder\":627},{\"Id\":907,\"Name\":\"Sugars Quantity Per 100g - Prefix - NIP\",\"Value\":\"\",\"Description\":\"Sugars Quantity Per 100g - Prefix - NIP\",\"SortOrder\":645},{\"Id\":908,\"Name\":\"Sugars Quantity Per 100g - SuffixUnits - NIP\",\"Value\":\"g\",\"Description\":\"Sugars Quantity Per 100g - SuffixUnits - NIP\",\"SortOrder\":646},{\"Id\":909,\"Name\":\"Sugars Quantity Per 100g - Total - NIP\",\"Value\":\"0.4g\",\"Description\":\"Sugars Quantity Per 100g - Total - NIP\",\"SortOrder\":647},{\"Id\":910,\"Name\":\"Sugars Quantity Per 100g - ValueWord - NIP\",\"Value\":\"0.4\",\"Description\":\"Sugars Quantity Per 100g - ValueWord - NIP\",\"SortOrder\":648},{\"Id\":504,\"Name\":\"Sugars Quantity Per Serve - Prefix - NIP\",\"Value\":\"\",\"Description\":\"Sugars Quantity Per Serve - Prefix - NIP\",\"SortOrder\":649},{\"Id\":911,\"Name\":\"Sugars Quantity Per Serve - SuffixUnits - NIP\",\"Value\":\"g\",\"Description\":\"Sugars Quantity Per Serve - SuffixUnits - NIP\",\"SortOrder\":650},{\"Id\":912,\"Name\":\"Sugars Quantity Per Serve - Total - NIP\",\"Value\":\"0.4g\",\"Description\":\"Sugars Quantity Per Serve - Total - NIP\",\"SortOrder\":651},{\"Id\":572,\"Name\":\"Sugars Quantity Per Serve - ValueWord - NIP\",\"Value\":\"0.4\",\"Description\":\"Sugars Quantity Per Serve - ValueWord - NIP\",\"SortOrder\":652}]}",
        "storageinstructions": null,
        "usageinstructions": null,
        "brand": "artisan sourdough bakers",
        "manufacturer": null,
        "countryoforigin": null,
        "productheightmm": null,
        "productwidthmm": null,
        "productdepthmm": null,
        "wool_productpackaging": null,
        "recyclableinformation": null,
        "importantinformation": null,
        "allergencontains": "Gluten",
        "allergenmaybepresent": "Egg, Milk, Peanuts, Sesame Seeds, Soybean, Sulphites, Tree Nuts",
        "allergystatement": "Lupin Free",
        "lifestyleanddietarystatement": "Low Sugar",
        "lifestyleclaim": null,
        "wool_dietaryclaim": "No Added Yeast",
        "boxedcontents": null,
        "suitablefor": null,
        "fragrance": null,
        "colour": null,
        "antioxidant": "False",
        "addedvitaminsandminerals": "False",
        "bpafree": "False",
        "sulfatefree": "False",
        "parabenfree": "False",
        "claims": null,
        "alcoholfree": null,
        "anti-dandruff": null,
        "dermatologicallyapproved": null,
        "dermatologistrecommended": null,
        "dermatologisttested": null,
        "fragrance-free": null,
        "haircolour": null,
        "hairtype": null,
        "hypo-allergenic": null,
        "non-comedogenic": null,
        "oilfree": null,
        "ophthalmologistapproved": null,
        "ophthalmologisttested": null,
        "paba-free": null,
        "skincondition": null,
        "skintype": null,
        "soap-free": null,
        "spf": null,
        "sweatresistant": null,
        "timer": null,
        "waterresistant": null,
        "phbalanced": null,
        "antiseptic": "False",
        "antibacterial": "False",
        "activeconstituents": null,
        "contains": null,
        "microwavesafe": "False",
        "productimagecount": "3",
        "friendlydisclaimer": null,
        "productimages": "524372_2.jpg,524372.jpg,524372_1.jpg",
        "healthstarrating": "0"
      },
      "DetailsImagePaths": [
        "https://cdn0.woolworths.media/content/wowproductimages/large/524372.jpg",
        "https://cdn0.woolworths.media/content/wowproductimages/large/524372_1.jpg",
        "https://cdn0.woolworths.media/content/wowproductimages/large/524372_2.jpg"
      ],
      "Variety": "sourdough",
      "Rating": {
        "ReviewCount": 0,
        "RatingCount": 0,
        "OneStarCount": 0,
        "TwoStarCount": 0,
        "ThreeStarCount": 0,
        "FourStarCount": 0,
        "FiveStarCount": 0,
        "Average": 0,
        "OneStarPercentage": 0,
        "TwoStarPercentage": 0,
        "ThreeStarPercentage": 0,
        "FourStarPercentage": 0,
        "FiveStarPercentage": 0
      }
    },
    {
      "Stockcode": 813767,
      "Barcode": "9310072030302",
      "GtinFormat": 13,
      "CupPrice": 3.11,
      "InstoreCupPrice": 3.11,
      "CupMeasure": "100G",
      "CupString": "$3.11 / 100G",
      "InstoreCupString": "$3.11 / 100G",
      "HasCupPrice": true,
      "InstoreHasCupPrice": true,
      "Price": 5.6,
      "InstorePrice": 5.6,
      "Name": "Arnotts Mini Cakes Monte Carlo",
      "UrlFriendlyName": "arnotts-mini-cakes-monte-carlo",
      "Description": " Arnotts Mini Cakes Monte<br>Carlo 180g",
      "SmallImageFile": "https://cdn0.woolworths.media/content/wowproductimages/small/813767.jpg",
      "MediumImageFile": "https://cdn0.woolworths.media/content/wowproductimages/medium/813767.jpg",
      "LargeImageFile": "https://cdn0.woolworths.media/content/wowproductimages/large/813767.jpg",
      "IsNew": true,
      "IsOnSpecial": false,
      "InstoreIsOnSpecial": false,
      "IsEdrSpecial": false,
      "SavingsAmount": 0,
      "InstoreSavingsAmount": 0,
      "WasPrice": 5.6,
      "InstoreWasPrice": 5.6,
      "QuantityInTrolley": 0,
      "Unit": "Each",
      "MinimumQuantity": 1,
      "HasBeenBoughtBefore": false,
      "IsInTrolley": false,
      "Source": "Aisle.Bakery",
      "SupplyLimit": 36,
      "IsRanged": false,
      "IsInStock": true,
      "PackageSize": "180g",
      "IsPmDelivery": false,
      "IsForCollection": true,
      "IsForDelivery": true,
      "IsForExpress": false,
      "ProductRestrictionMessage": null,
      "CentreTag": {
        "TagContent": null,
        "TagLink": null,
        "FallbackText": null,
        "TagType": "None"
      },
      "IsCentreTag": false,
      "ImageTag": {
        "TagContent": null,
        "TagLink": null,
        "FallbackText": "",
        "TagType": "None"
      },
      "HeaderTag": null,
      "HasHeaderTag": false,
      "UnitWeightInGrams": 195,
      "SupplyLimitMessage": "'Arnotts Mini Cakes Monte Carlo' has a supply limit of 36. The quantity in your cart has been reduced accordingly. To purchase a larger quantity, please contact us on 1800 000 610. Please note we do not supply trade orders.",
      "SmallFormatDescription": "Arnotts Mini Cakes Monte Carlo",
      "FullDescription": "Arnotts Mini Cakes Monte Carlo",
      "IsAvailable": true,
      "InstoreIsAvailable": true,
      "IsPurchasable": true,
      "InstoreIsPurchasable": true,
      "AgeRestricted": false,
      "DisplayQuantity": 1,
      "RichDescription": null,
      "IsDeliveryPass": false,
      "HideWasSavedPrice": false,
      "SapCategories": null,
      "Brand": "arnotts",
      "FooterTag": {
        "TagContent": null,
        "TagLink": null,
        "FallbackText": null,
        "TagType": "None"
      },
      "IsFooterEnabled": false,
      "Diagnostics": "52",
      "IsBundle": false,
      "ChildProducts": [],
      "UrlOverride": null,
      "AdditionalAttributes": {
        "sapdepartmentname": "PROPRIETARY BAKERY",
        "sapdepartmentno": "47",
        "sapcategoryname": "PROPRIETARY BAKERY",
        "sapcategoryno": "60",
        "sapsubcategoryname": "RESALE CAKE",
        "sapsubcategoryno": "954",
        "sapsegmentname": "CAKES TO GO/LUNCH BOX",
        "sapsegmentno": "3",
        "specialsgroupid": null,
        "PiesProductDepartmentNodeId": "1_DEB537E",
        "PiesProductDepartmentsjson": "[{\"Id\":\"1_DEB537E\",\"Description\":\"Bakery\"}]",
        "piesdepartmentnamesjson": "[\"Bakery\"]",
        "piescategorynamesjson": "[\"Packaged Bread & Bakery\"]",
        "piessubcategorynamesjson": "[\"Cakes\"]",
        "servingsize-total-nip": null,
        "servingsperpack-total-nip": null,
        "microwaveable": "False",
        "ovencook": "False",
        "vegetarian": "False",
        "freezable": "False",
        "containsnuts": "False",
        "containsgluten": "False",
        "description": null,
        "ingredients": null,
        "nutritionalinformation": null,
        "storageinstructions": null,
        "usageinstructions": null,
        "brand": "arnotts",
        "manufacturer": null,
        "countryoforigin": null,
        "productheightmm": null,
        "productwidthmm": null,
        "productdepthmm": null,
        "wool_productpackaging": null,
        "recyclableinformation": null,
        "importantinformation": null,
        "allergencontains": null,
        "allergenmaybepresent": null,
        "allergystatement": null,
        "lifestyleanddietarystatement": null,
        "lifestyleclaim": null,
        "wool_dietaryclaim": null,
        "boxedcontents": null,
        "suitablefor": null,
        "fragrance": null,
        "colour": null,
        "antioxidant": "False",
        "addedvitaminsandminerals": "False",
        "bpafree": "False",
        "sulfatefree": "False",
        "parabenfree": "False",
        "claims": null,
        "alcoholfree": null,
        "anti-dandruff": null,
        "dermatologicallyapproved": null,
        "dermatologistrecommended": null,
        "dermatologisttested": null,
        "fragrance-free": null,
        "haircolour": null,
        "hairtype": null,
        "hypo-allergenic": null,
        "non-comedogenic": null,
        "oilfree": null,
        "ophthalmologistapproved": null,
        "ophthalmologisttested": null,
        "paba-free": null,
        "skincondition": null,
        "skintype": null,
        "soap-free": null,
        "spf": null,
        "sweatresistant": null,
        "timer": null,
        "waterresistant": null,
        "phbalanced": null,
        "antiseptic": "False",
        "antibacterial": "False",
        "activeconstituents": null,
        "contains": null,
        "microwavesafe": "False",
        "productimagecount": "2",
        "friendlydisclaimer": null,
        "productimages": "813767_1.jpg,813767.jpg",
        "healthstarrating": "0"
      },
      "DetailsImagePaths": [
        "https://cdn0.woolworths.media/content/wowproductimages/large/813767.jpg",
        "https://cdn0.woolworths.media/content/wowproductimages/large/813767_1.jpg"
      ],
      "Variety": "carlo",
      "Rating": {
        "ReviewCount": 0,
        "RatingCount": 0,
        "OneStarCount": 0,
        "TwoStarCount": 0,
        "ThreeStarCount": 0,
        "FourStarCount": 0,
        "FiveStarCount": 0,
        "Average": 0,
        "OneStarPercentage": 0,
        "TwoStarPercentage": 0,
        "ThreeStarPercentage": 0,
        "FourStarPercentage": 0,
        "FiveStarPercentage": 0
      }
    },
    {
      "Stockcode": 524372,
      "Barcode": "9340078000757",
      "GtinFormat": 13,
      "CupPrice": 0.95,
      "InstoreCupPrice": 0.95,
      "CupMeasure": "100G",
      "CupString": "$0.95 / 100G",
      "InstoreCupString": "$0.95 / 100G",
      "HasCupPrice": true,
      "InstoreHasCupPrice": true,
      "Price": 6,
      "InstorePrice": 6,
      "Name": "Artisan Sourdough Bakers Dark Rye Sourdough",
      "UrlFriendlyName": "artisan-sourdough-bakers-dark-rye-sourdough",
      "Description": " Artisan Sourdough Bakers<br>Dark Rye Sourdough 630g",
      "SmallImageFile": "https://cdn0.woolworths.media/content/wowproductimages/small/524372.jpg",
      "MediumImageFile": "https://cdn0.woolworths.media/content/wowproductimages/medium/524372.jpg",
      "LargeImageFile": "https://cdn0.woolworths.media/content/wowproductimages/large/524372.jpg",
      "IsNew": false,
      "IsOnSpecial": false,
      "InstoreIsOnSpecial": false,
      "IsEdrSpecial": false,
      "SavingsAmount": 0,
      "InstoreSavingsAmount": 0,
      "WasPrice": 6,
      "InstoreWasPrice": 6,
      "QuantityInTrolley": 0,
      "Unit": "Each",
      "MinimumQuantity": 1,
      "HasBeenBoughtBefore": false,
      "IsInTrolley": false,
      "Source": "Aisle.Bakery",
      "SupplyLimit": 36,
      "IsRanged": false,
      "IsInStock": true,
      "PackageSize": "630g",
      "IsPmDelivery": true,
      "IsForCollection": true,
      "IsForDelivery": true,
      "IsForExpress": false,
      "ProductRestrictionMessage": "Available for afternoon delivery and pick up orders",
      "CentreTag": {
        "TagContent": null,
        "TagLink": null,
        "FallbackText": null,
        "TagType": "None"
      },
      "IsCentreTag": false,
      "ImageTag": {
        "TagContent": null,
        "TagLink": null,
        "FallbackText": "",
        "TagType": "None"
      },
      "HeaderTag": null,
      "HasHeaderTag": false,
      "UnitWeightInGrams": 630,
      "SupplyLimitMessage": "'Artisan Sourdough Bakers Dark Rye Sourdough' has a supply limit of 36. The quantity in your cart has been reduced accordingly. To purchase a larger quantity, please contact us on 1800 000 610. Please note we do not supply trade orders.",
      "SmallFormatDescription": "Artisan Sourdough Bakers Dark Rye Sourdough",
      "FullDescription": "Artisan Sourdough Bakers Dark Rye Sourdough",
      "IsAvailable": true,
      "InstoreIsAvailable": true,
      "IsPurchasable": true,
      "InstoreIsPurchasable": true,
      "AgeRestricted": false,
      "DisplayQuantity": 1,
      "RichDescription": "<p>All our sourdough loaves are beautifully made with natural and honest ingredients, using traditional artisan techniques.</p>",
      "IsDeliveryPass": false,
      "HideWasSavedPrice": false,
      "SapCategories": null,
      "Brand": "artisan sourdough bakers",
      "FooterTag": {
        "TagContent": null,
        "TagLink": null,
        "FallbackText": null,
        "TagType": "None"
      },
      "IsFooterEnabled": true,
      "Diagnostics": "54",
      "IsBundle": false,
      "ChildProducts": [],
      "UrlOverride": null,
      "AdditionalAttributes": {
        "sapdepartmentname": "BAKEHOUSE",
        "sapdepartmentno": "45",
        "sapcategoryname": "INSTORE BAKERY",
        "sapcategoryno": "56",
        "sapsubcategoryname": "ISB SPECIALTY BREAD",
        "sapsubcategoryno": "979",
        "sapsegmentname": "WHOLEMEAL/GRAIN/SEEDED",
        "sapsegmentno": "2",
        "specialsgroupid": null,
        "PiesProductDepartmentNodeId": "1_DEB537E",
        "PiesProductDepartmentsjson": "[{\"Id\":\"1_DEB537E\",\"Description\":\"Bakery\"}]",
        "piesdepartmentnamesjson": "[\"Bakery\"]",
        "piescategorynamesjson": "[\"In-Store Bakery\"]",
        "piessubcategorynamesjson": "[\"Sourdough & Specialty Bread\"]",
        "servingsize-total-nip": null,
        "servingsperpack-total-nip": null,
        "microwaveable": "False",
        "ovencook": "False",
        "vegetarian": "False",
        "freezable": "False",
        "containsnuts": "False",
        "containsgluten": "False",
        "description": "<p>All our sourdough loaves are beautifully made with natural and honest ingredients, using traditional artisan techniques.</p>",
        "ingredients": "Wheat Flour, Water, Rye Flour (15%), Sourdough Culture (15%), Iodised Sea Salt, Barley Malt Flour (1%), Wheat Gluten, Vitamins (Thiamin, Folate).",
        "nutritionalinformation": "{\"Name\":\"Nutritional Information\",\"Attributes\":[{\"Id\":705,\"Name\":\"Carbohydrate Quantity Per 100g - Total - NIP\",\"Value\":\"43.6g\",\"Description\":\"Carbohydrate Quantity Per 100g - Total - NIP\",\"SortOrder\":83},{\"Id\":706,\"Name\":\"Carbohydrate Quantity Per Serve - Total - NIP\",\"Value\":\"54.5g\",\"Description\":\"Carbohydrate Quantity Per Serve - Total - NIP\",\"SortOrder\":87},{\"Id\":759,\"Name\":\"Energy kJ Quantity Per 100g - Total - NIP\",\"Value\":\"931kJ\",\"Description\":\"Energy kJ Quantity Per 100g - Total - NIP\",\"SortOrder\":239},{\"Id\":760,\"Name\":\"Energy kJ Quantity Per Serve - Total - NIP\",\"Value\":\"1160kJ\",\"Description\":\"Energy kJ Quantity Per Serve - Total - NIP\",\"SortOrder\":243},{\"Id\":253,\"Name\":\"Fat Saturated Quantity Per 100g - Total - NIP\",\"Value\":\"0.2g\",\"Description\":\"Fat Saturated Quantity Per 100g - Total - NIP\",\"SortOrder\":251},{\"Id\":258,\"Name\":\"Fat Saturated Quantity Per Serve - Total - NIP\",\"Value\":\"0.2g\",\"Description\":\"Fat Saturated Quantity Per Serve - Total - NIP\",\"SortOrder\":255},{\"Id\":764,\"Name\":\"Fat Total Quantity Per 100g - Total - NIP\",\"Value\":\"1.1g\",\"Description\":\"Fat Total Quantity Per 100g - Total - NIP\",\"SortOrder\":263},{\"Id\":264,\"Name\":\"Fat Total Quantity Per Serve - Total - NIP\",\"Value\":\"1.3g\",\"Description\":\"Fat Total Quantity Per Serve - Total - NIP\",\"SortOrder\":267},{\"Id\":878,\"Name\":\"Protein Quantity Per 100g - Total - NIP\",\"Value\":\"7.4g\",\"Description\":\"Protein Quantity Per 100g - Total - NIP\",\"SortOrder\":587},{\"Id\":882,\"Name\":\"Protein Quantity Per Serve - Total - NIP\",\"Value\":\"9.3g\",\"Description\":\"Protein Quantity Per Serve - Total - NIP\",\"SortOrder\":591},{\"Id\":477,\"Name\":\"Serving Size - Total - NIP\",\"Value\":\"125g\",\"Description\":\"Serving Size - Total - NIP\",\"SortOrder\":607},{\"Id\":544,\"Name\":\"Servings Per Pack - Total - NIP\",\"Value\":\"5\",\"Description\":\"Servings Per Pack - Total - NIP\",\"SortOrder\":611},{\"Id\":491,\"Name\":\"Sodium Quantity Per 100g - Total - NIP\",\"Value\":\"507mg\",\"Description\":\"Sodium Quantity Per 100g - Total - NIP\",\"SortOrder\":623},{\"Id\":495,\"Name\":\"Sodium Quantity Per Serve - Total - NIP\",\"Value\":\"634mg\",\"Description\":\"Sodium Quantity Per Serve - Total - NIP\",\"SortOrder\":627},{\"Id\":907,\"Name\":\"Sugars Quantity Per 100g - Prefix - NIP\",\"Value\":\"\",\"Description\":\"Sugars Quantity Per 100g - Prefix - NIP\",\"SortOrder\":645},{\"Id\":908,\"Name\":\"Sugars Quantity Per 100g - SuffixUnits - NIP\",\"Value\":\"g\",\"Description\":\"Sugars Quantity Per 100g - SuffixUnits - NIP\",\"SortOrder\":646},{\"Id\":909,\"Name\":\"Sugars Quantity Per 100g - Total - NIP\",\"Value\":\"0.4g\",\"Description\":\"Sugars Quantity Per 100g - Total - NIP\",\"SortOrder\":647},{\"Id\":910,\"Name\":\"Sugars Quantity Per 100g - ValueWord - NIP\",\"Value\":\"0.4\",\"Description\":\"Sugars Quantity Per 100g - ValueWord - NIP\",\"SortOrder\":648},{\"Id\":504,\"Name\":\"Sugars Quantity Per Serve - Prefix - NIP\",\"Value\":\"\",\"Description\":\"Sugars Quantity Per Serve - Prefix - NIP\",\"SortOrder\":649},{\"Id\":911,\"Name\":\"Sugars Quantity Per Serve - SuffixUnits - NIP\",\"Value\":\"g\",\"Description\":\"Sugars Quantity Per Serve - SuffixUnits - NIP\",\"SortOrder\":650},{\"Id\":912,\"Name\":\"Sugars Quantity Per Serve - Total - NIP\",\"Value\":\"0.4g\",\"Description\":\"Sugars Quantity Per Serve - Total - NIP\",\"SortOrder\":651},{\"Id\":572,\"Name\":\"Sugars Quantity Per Serve - ValueWord - NIP\",\"Value\":\"0.4\",\"Description\":\"Sugars Quantity Per Serve - ValueWord - NIP\",\"SortOrder\":652}]}",
        "storageinstructions": null,
        "usageinstructions": null,
        "brand": "artisan sourdough bakers",
        "manufacturer": null,
        "countryoforigin": null,
        "productheightmm": null,
        "productwidthmm": null,
        "productdepthmm": null,
        "wool_productpackaging": null,
        "recyclableinformation": null,
        "importantinformation": null,
        "allergencontains": "Gluten",
        "allergenmaybepresent": "Egg, Milk, Peanuts, Sesame Seeds, Soybean, Sulphites, Tree Nuts",
        "allergystatement": "Lupin Free",
        "lifestyleanddietarystatement": "Low Sugar",
        "lifestyleclaim": null,
        "wool_dietaryclaim": "No Added Yeast",
        "boxedcontents": null,
        "suitablefor": null,
        "fragrance": null,
        "colour": null,
        "antioxidant": "False",
        "addedvitaminsandminerals": "False",
        "bpafree": "False",
        "sulfatefree": "False",
        "parabenfree": "False",
        "claims": null,
        "alcoholfree": null,
        "anti-dandruff": null,
        "dermatologicallyapproved": null,
        "dermatologistrecommended": null,
        "dermatologisttested": null,
        "fragrance-free": null,
        "haircolour": null,
        "hairtype": null,
        "hypo-allergenic": null,
        "non-comedogenic": null,
        "oilfree": null,
        "ophthalmologistapproved": null,
        "ophthalmologisttested": null,
        "paba-free": null,
        "skincondition": null,
        "skintype": null,
        "soap-free": null,
        "spf": null,
        "sweatresistant": null,
        "timer": null,
        "waterresistant": null,
        "phbalanced": null,
        "antiseptic": "False",
        "antibacterial": "False",
        "activeconstituents": null,
        "contains": null,
        "microwavesafe": "False",
        "productimagecount": "3",
        "friendlydisclaimer": null,
        "productimages": "524372_2.jpg,524372.jpg,524372_1.jpg",
        "healthstarrating": "0"
      },
      "DetailsImagePaths": [
        "https://cdn0.woolworths.media/content/wowproductimages/large/524372.jpg",
        "https://cdn0.woolworths.media/content/wowproductimages/large/524372_1.jpg",
        "https://cdn0.woolworths.media/content/wowproductimages/large/524372_2.jpg"
      ],
      "Variety": "sourdough",
      "Rating": {
        "ReviewCount": 0,
        "RatingCount": 0,
        "OneStarCount": 0,
        "TwoStarCount": 0,
        "ThreeStarCount": 0,
        "FourStarCount": 0,
        "FiveStarCount": 0,
        "Average": 0,
        "OneStarPercentage": 0,
        "TwoStarPercentage": 0,
        "ThreeStarPercentage": 0,
        "FourStarPercentage": 0,
        "FiveStarPercentage": 0
      }
    },
    {
      "Stockcode": 524375,
      "Barcode": "9340078000795",
      "GtinFormat": 13,
      "CupPrice": 0.95,
      "InstoreCupPrice": 0.95,
      "CupMeasure": "100G",
      "CupString": "$0.95 / 100G",
      "InstoreCupString": "$0.95 / 100G",
      "HasCupPrice": true,
      "InstoreHasCupPrice": true,
      "Price": 6,
      "InstorePrice": 6,
      "Name": "Artisan Sourdough Bakers Green Olive Sourdough",
      "UrlFriendlyName": "artisan-sourdough-bakers-green-olive-sourdough",
      "Description": " Artisan Sourdough Bakers<br>Green Olive... 630g",
      "SmallImageFile": "https://cdn0.woolworths.media/content/wowproductimages/small/524375.jpg",
      "MediumImageFile": "https://cdn0.woolworths.media/content/wowproductimages/medium/524375.jpg",
      "LargeImageFile": "https://cdn0.woolworths.media/content/wowproductimages/large/524375.jpg",
      "IsNew": false,
      "IsOnSpecial": false,
      "InstoreIsOnSpecial": false,
      "IsEdrSpecial": false,
      "SavingsAmount": 0,
      "InstoreSavingsAmount": 0,
      "WasPrice": 6,
      "InstoreWasPrice": 6,
      "QuantityInTrolley": 0,
      "Unit": "Each",
      "MinimumQuantity": 1,
      "HasBeenBoughtBefore": false,
      "IsInTrolley": false,
      "Source": "Aisle.Bakery",
      "SupplyLimit": 36,
      "IsRanged": false,
      "IsInStock": true,
      "PackageSize": "630g",
      "IsPmDelivery": true,
      "IsForCollection": true,
      "IsForDelivery": true,
      "IsForExpress": false,
      "ProductRestrictionMessage": "Available for afternoon delivery and pick up orders",
      "CentreTag": {
        "TagContent": null,
        "TagLink": null,
        "FallbackText": null,
        "TagType": "None"
      },
      "IsCentreTag": false,
      "ImageTag": {
        "TagContent": null,
        "TagLink": null,
        "FallbackText": "",
        "TagType": "None"
      },
      "HeaderTag": null,
      "HasHeaderTag": false,
      "UnitWeightInGrams": 630,
      "SupplyLimitMessage": "'Artisan Sourdough Bakers Green Olive Sourdough' has a supply limit of 36. The quantity in your cart has been reduced accordingly. To purchase a larger quantity, please contact us on 1800 000 610. Please note we do not supply trade orders.",
      "SmallFormatDescription": "Artisan Sourdough Bakers Green Olive Sourdough",
      "FullDescription": "Artisan Sourdough Bakers Green Olive Sourdough",
      "IsAvailable": true,
      "InstoreIsAvailable": true,
      "IsPurchasable": true,
      "InstoreIsPurchasable": true,
      "AgeRestricted": false,
      "DisplayQuantity": 1,
      "RichDescription": "<p>All our sourdough loaves are beautifully made with natural and honest ingredients, using traditional artisan techniques.</p>",
      "IsDeliveryPass": false,
      "HideWasSavedPrice": false,
      "SapCategories": null,
      "Brand": "artisan sourdough bakers",
      "FooterTag": {
        "TagContent": null,
        "TagLink": null,
        "FallbackText": null,
        "TagType": "None"
      },
      "IsFooterEnabled": true,
      "Diagnostics": "55",
      "IsBundle": false,
      "ChildProducts": [],
      "UrlOverride": null,
      "AdditionalAttributes": {
        "sapdepartmentname": "BAKEHOUSE",
        "sapdepartmentno": "45",
        "sapcategoryname": "INSTORE BAKERY",
        "sapcategoryno": "56",
        "sapsubcategoryname": "ISB SPECIALTY BREAD",
        "sapsubcategoryno": "979",
        "sapsegmentname": "WHOLEMEAL/GRAIN/SEEDED",
        "sapsegmentno": "2",
        "specialsgroupid": null,
        "PiesProductDepartmentNodeId": "1_DEB537E",
        "PiesProductDepartmentsjson": "[{\"Id\":\"1_DEB537E\",\"Description\":\"Bakery\"}]",
        "piesdepartmentnamesjson": "[\"Bakery\"]",
        "piescategorynamesjson": "[\"In-Store Bakery\"]",
        "piessubcategorynamesjson": "[\"Sourdough & Specialty Bread\"]",
        "servingsize-total-nip": null,
        "servingsperpack-total-nip": null,
        "microwaveable": "False",
        "ovencook": "False",
        "vegetarian": "False",
        "freezable": "False",
        "containsnuts": "False",
        "containsgluten": "False",
        "description": "<p>All our sourdough loaves are beautifully made with natural and honest ingredients, using traditional artisan techniques.</p>",
        "ingredients": "Wheat Flour, Water, Sourdough Culture (14%), Green Olives (11%), Wheat Semolina, Iodised Sea Salt, Vitamins (Thiamin, Folate).",
        "nutritionalinformation": "{\"Name\":\"Nutritional Information\",\"Attributes\":[{\"Id\":705,\"Name\":\"Carbohydrate Quantity Per 100g - Total - NIP\",\"Value\":\"39.4g\",\"Description\":\"Carbohydrate Quantity Per 100g - Total - NIP\",\"SortOrder\":83},{\"Id\":706,\"Name\":\"Carbohydrate Quantity Per Serve - Total - NIP\",\"Value\":\"49.3g\",\"Description\":\"Carbohydrate Quantity Per Serve - Total - NIP\",\"SortOrder\":87},{\"Id\":759,\"Name\":\"Energy kJ Quantity Per 100g - Total - NIP\",\"Value\":\"873kJ\",\"Description\":\"Energy kJ Quantity Per 100g - Total - NIP\",\"SortOrder\":239},{\"Id\":760,\"Name\":\"Energy kJ Quantity Per Serve - Total - NIP\",\"Value\":\"1090kJ\",\"Description\":\"Energy kJ Quantity Per Serve - Total - NIP\",\"SortOrder\":243},{\"Id\":253,\"Name\":\"Fat Saturated Quantity Per 100g - Total - NIP\",\"Value\":\"0.3g\",\"Description\":\"Fat Saturated Quantity Per 100g - Total - NIP\",\"SortOrder\":251},{\"Id\":258,\"Name\":\"Fat Saturated Quantity Per Serve - Total - NIP\",\"Value\":\"0.4g\",\"Description\":\"Fat Saturated Quantity Per Serve - Total - NIP\",\"SortOrder\":255},{\"Id\":764,\"Name\":\"Fat Total Quantity Per 100g - Total - NIP\",\"Value\":\"2.1g\",\"Description\":\"Fat Total Quantity Per 100g - Total - NIP\",\"SortOrder\":263},{\"Id\":264,\"Name\":\"Fat Total Quantity Per Serve - Total - NIP\",\"Value\":\"2.6g\",\"Description\":\"Fat Total Quantity Per Serve - Total - NIP\",\"SortOrder\":267},{\"Id\":878,\"Name\":\"Protein Quantity Per 100g - Total - NIP\",\"Value\":\"7.0g\",\"Description\":\"Protein Quantity Per 100g - Total - NIP\",\"SortOrder\":587},{\"Id\":882,\"Name\":\"Protein Quantity Per Serve - Total - NIP\",\"Value\":\"8.8g\",\"Description\":\"Protein Quantity Per Serve - Total - NIP\",\"SortOrder\":591},{\"Id\":477,\"Name\":\"Serving Size - Total - NIP\",\"Value\":\"125g\",\"Description\":\"Serving Size - Total - NIP\",\"SortOrder\":607},{\"Id\":544,\"Name\":\"Servings Per Pack - Total - NIP\",\"Value\":\"5\",\"Description\":\"Servings Per Pack - Total - NIP\",\"SortOrder\":611},{\"Id\":491,\"Name\":\"Sodium Quantity Per 100g - Total - NIP\",\"Value\":\"542mg\",\"Description\":\"Sodium Quantity Per 100g - Total - NIP\",\"SortOrder\":623},{\"Id\":495,\"Name\":\"Sodium Quantity Per Serve - Total - NIP\",\"Value\":\"677mg\",\"Description\":\"Sodium Quantity Per Serve - Total - NIP\",\"SortOrder\":627},{\"Id\":907,\"Name\":\"Sugars Quantity Per 100g - Prefix - NIP\",\"Value\":\"\",\"Description\":\"Sugars Quantity Per 100g - Prefix - NIP\",\"SortOrder\":645},{\"Id\":908,\"Name\":\"Sugars Quantity Per 100g - SuffixUnits - NIP\",\"Value\":\"g\",\"Description\":\"Sugars Quantity Per 100g - SuffixUnits - NIP\",\"SortOrder\":646},{\"Id\":909,\"Name\":\"Sugars Quantity Per 100g - Total - NIP\",\"Value\":\"0.3g\",\"Description\":\"Sugars Quantity Per 100g - Total - NIP\",\"SortOrder\":647},{\"Id\":910,\"Name\":\"Sugars Quantity Per 100g - ValueWord - NIP\",\"Value\":\"0.3\",\"Description\":\"Sugars Quantity Per 100g - ValueWord - NIP\",\"SortOrder\":648},{\"Id\":504,\"Name\":\"Sugars Quantity Per Serve - Prefix - NIP\",\"Value\":\"\",\"Description\":\"Sugars Quantity Per Serve - Prefix - NIP\",\"SortOrder\":649},{\"Id\":911,\"Name\":\"Sugars Quantity Per Serve - SuffixUnits - NIP\",\"Value\":\"g\",\"Description\":\"Sugars Quantity Per Serve - SuffixUnits - NIP\",\"SortOrder\":650},{\"Id\":912,\"Name\":\"Sugars Quantity Per Serve - Total - NIP\",\"Value\":\"0.4g\",\"Description\":\"Sugars Quantity Per Serve - Total - NIP\",\"SortOrder\":651},{\"Id\":572,\"Name\":\"Sugars Quantity Per Serve - ValueWord - NIP\",\"Value\":\"0.4\",\"Description\":\"Sugars Quantity Per Serve - ValueWord - NIP\",\"SortOrder\":652}]}",
        "storageinstructions": null,
        "usageinstructions": null,
        "brand": "artisan sourdough bakers",
        "manufacturer": null,
        "countryoforigin": null,
        "productheightmm": null,
        "productwidthmm": null,
        "productdepthmm": null,
        "wool_productpackaging": null,
        "recyclableinformation": null,
        "importantinformation": null,
        "allergencontains": "Gluten",
        "allergenmaybepresent": "Egg, Milk, Peanuts, Sesame Seeds, Soybean, Sulphites, Tree Nuts",
        "allergystatement": "No Peanuts",
        "lifestyleanddietarystatement": "Low Sugar",
        "lifestyleclaim": null,
        "wool_dietaryclaim": "No Added Yeast",
        "boxedcontents": null,
        "suitablefor": null,
        "fragrance": null,
        "colour": null,
        "antioxidant": "False",
        "addedvitaminsandminerals": "False",
        "bpafree": "False",
        "sulfatefree": "False",
        "parabenfree": "False",
        "claims": null,
        "alcoholfree": null,
        "anti-dandruff": null,
        "dermatologicallyapproved": null,
        "dermatologistrecommended": null,
        "dermatologisttested": null,
        "fragrance-free": null,
        "haircolour": null,
        "hairtype": null,
        "hypo-allergenic": null,
        "non-comedogenic": null,
        "oilfree": null,
        "ophthalmologistapproved": null,
        "ophthalmologisttested": null,
        "paba-free": null,
        "skincondition": null,
        "skintype": null,
        "soap-free": null,
        "spf": null,
        "sweatresistant": null,
        "timer": null,
        "waterresistant": null,
        "phbalanced": null,
        "antiseptic": "False",
        "antibacterial": "False",
        "activeconstituents": null,
        "contains": null,
        "microwavesafe": "False",
        "productimagecount": "3",
        "friendlydisclaimer": null,
        "productimages": "524375_1.jpg,524375_2.jpg,524375.jpg",
        "healthstarrating": "0"
      },
      "DetailsImagePaths": [
        "https://cdn0.woolworths.media/content/wowproductimages/large/524375.jpg",
        "https://cdn0.woolworths.media/content/wowproductimages/large/524375_1.jpg",
        "https://cdn0.woolworths.media/content/wowproductimages/large/524375_2.jpg"
      ],
      "Variety": "sourdough",
      "Rating": {
        "ReviewCount": 0,
        "RatingCount": 0,
        "OneStarCount": 0,
        "TwoStarCount": 0,
        "ThreeStarCount": 0,
        "FourStarCount": 0,
        "FiveStarCount": 0,
        "Average": 0,
        "OneStarPercentage": 0,
        "TwoStarPercentage": 0,
        "ThreeStarPercentage": 0,
        "FourStarPercentage": 0,
        "FiveStarPercentage": 0
      }
    },
    {
      "Stockcode": 524371,
      "Barcode": "9340078000801",
      "GtinFormat": 13,
      "CupPrice": 0.95,
      "InstoreCupPrice": 0.95,
      "CupMeasure": "100G",
      "CupString": "$0.95 / 100G",
      "InstoreCupString": "$0.95 / 100G",
      "HasCupPrice": true,
      "InstoreHasCupPrice": true,
      "Price": 6,
      "InstorePrice": 6,
      "Name": "Artisan Sourdough Bakers Millers Loaf",
      "UrlFriendlyName": "artisan-sourdough-bakers-millers-loaf",
      "Description": " Artisan Sourdough Bakers<br>Millers Loaf 630g",
      "SmallImageFile": "https://cdn0.woolworths.media/content/wowproductimages/small/524371.jpg",
      "MediumImageFile": "https://cdn0.woolworths.media/content/wowproductimages/medium/524371.jpg",
      "LargeImageFile": "https://cdn0.woolworths.media/content/wowproductimages/large/524371.jpg",
      "IsNew": false,
      "IsOnSpecial": false,
      "InstoreIsOnSpecial": false,
      "IsEdrSpecial": false,
      "SavingsAmount": 0,
      "InstoreSavingsAmount": 0,
      "WasPrice": 6,
      "InstoreWasPrice": 6,
      "QuantityInTrolley": 0,
      "Unit": "Each",
      "MinimumQuantity": 1,
      "HasBeenBoughtBefore": false,
      "IsInTrolley": false,
      "Source": "Aisle.Bakery",
      "SupplyLimit": 36,
      "IsRanged": false,
      "IsInStock": true,
      "PackageSize": "630g",
      "IsPmDelivery": true,
      "IsForCollection": true,
      "IsForDelivery": true,
      "IsForExpress": false,
      "ProductRestrictionMessage": "Available for afternoon delivery and pick up orders",
      "CentreTag": {
        "TagContent": null,
        "TagLink": null,
        "FallbackText": null,
        "TagType": "None"
      },
      "IsCentreTag": false,
      "ImageTag": {
        "TagContent": null,
        "TagLink": null,
        "FallbackText": "",
        "TagType": "None"
      },
      "HeaderTag": null,
      "HasHeaderTag": false,
      "UnitWeightInGrams": 630,
      "SupplyLimitMessage": "'Artisan Sourdough Bakers Millers Loaf' has a supply limit of 36. The quantity in your cart has been reduced accordingly. To purchase a larger quantity, please contact us on 1800 000 610. Please note we do not supply trade orders.",
      "SmallFormatDescription": "Artisan Sourdough Bakers Millers Loaf",
      "FullDescription": "Artisan Sourdough Bakers Millers Loaf",
      "IsAvailable": true,
      "InstoreIsAvailable": true,
      "IsPurchasable": true,
      "InstoreIsPurchasable": true,
      "AgeRestricted": false,
      "DisplayQuantity": 1,
      "RichDescription": "<p>All our sourdough loaves are beautifully made with natural and honest ingredients, using traditional artisan techniques.</p>",
      "IsDeliveryPass": false,
      "HideWasSavedPrice": false,
      "SapCategories": null,
      "Brand": "artisan sourdough bakers",
      "FooterTag": {
        "TagContent": null,
        "TagLink": null,
        "FallbackText": null,
        "TagType": "None"
      },
      "IsFooterEnabled": true,
      "Diagnostics": "56",
      "IsBundle": false,
      "ChildProducts": [],
      "UrlOverride": null,
      "AdditionalAttributes": {
        "sapdepartmentname": "BAKEHOUSE",
        "sapdepartmentno": "45",
        "sapcategoryname": "INSTORE BAKERY",
        "sapcategoryno": "56",
        "sapsubcategoryname": "ISB SPECIALTY BREAD",
        "sapsubcategoryno": "979",
        "sapsegmentname": "WHOLEMEAL/GRAIN/SEEDED",
        "sapsegmentno": "2",
        "specialsgroupid": null,
        "PiesProductDepartmentNodeId": "1_DEB537E",
        "PiesProductDepartmentsjson": "[{\"Id\":\"1_DEB537E\",\"Description\":\"Bakery\"}]",
        "piesdepartmentnamesjson": "[\"Bakery\"]",
        "piescategorynamesjson": "[\"In-Store Bakery\"]",
        "piessubcategorynamesjson": "[\"Bread\"]",
        "servingsize-total-nip": null,
        "servingsperpack-total-nip": null,
        "microwaveable": "False",
        "ovencook": "False",
        "vegetarian": "False",
        "freezable": "False",
        "containsnuts": "False",
        "containsgluten": "False",
        "description": "<p>All our sourdough loaves are beautifully made with natural and honest ingredients, using traditional artisan techniques.</p>",
        "ingredients": "Wheat Flour, Water, Sourdough Culture (11%), Wheat Bran, Cracked Wheat, Iodised Sea Salt, Vitamins (Thiamin, Folate).",
        "nutritionalinformation": "{\"Name\":\"Nutritional Information\",\"Attributes\":[{\"Id\":705,\"Name\":\"Carbohydrate Quantity Per 100g - Total - NIP\",\"Value\":\"43.6g\",\"Description\":\"Carbohydrate Quantity Per 100g - Total - NIP\",\"SortOrder\":83},{\"Id\":706,\"Name\":\"Carbohydrate Quantity Per Serve - Total - NIP\",\"Value\":\"54.5g\",\"Description\":\"Carbohydrate Quantity Per Serve - Total - NIP\",\"SortOrder\":87},{\"Id\":759,\"Name\":\"Energy kJ Quantity Per 100g - Total - NIP\",\"Value\":\"933kJ\",\"Description\":\"Energy kJ Quantity Per 100g - Total - NIP\",\"SortOrder\":239},{\"Id\":760,\"Name\":\"Energy kJ Quantity Per Serve - Total - NIP\",\"Value\":\"1160kJ\",\"Description\":\"Energy kJ Quantity Per Serve - Total - NIP\",\"SortOrder\":243},{\"Id\":253,\"Name\":\"Fat Saturated Quantity Per 100g - Total - NIP\",\"Value\":\"0.1g\",\"Description\":\"Fat Saturated Quantity Per 100g - Total - NIP\",\"SortOrder\":251},{\"Id\":258,\"Name\":\"Fat Saturated Quantity Per Serve - Total - NIP\",\"Value\":\"0.2g\",\"Description\":\"Fat Saturated Quantity Per Serve - Total - NIP\",\"SortOrder\":255},{\"Id\":764,\"Name\":\"Fat Total Quantity Per 100g - Total - NIP\",\"Value\":\"1.0g\",\"Description\":\"Fat Total Quantity Per 100g - Total - NIP\",\"SortOrder\":263},{\"Id\":264,\"Name\":\"Fat Total Quantity Per Serve - Total - NIP\",\"Value\":\"1.3g\",\"Description\":\"Fat Total Quantity Per Serve - Total - NIP\",\"SortOrder\":267},{\"Id\":878,\"Name\":\"Protein Quantity Per 100g - Total - NIP\",\"Value\":\"7.8g\",\"Description\":\"Protein Quantity Per 100g - Total - NIP\",\"SortOrder\":587},{\"Id\":882,\"Name\":\"Protein Quantity Per Serve - Total - NIP\",\"Value\":\"9.8g\",\"Description\":\"Protein Quantity Per Serve - Total - NIP\",\"SortOrder\":591},{\"Id\":477,\"Name\":\"Serving Size - Total - NIP\",\"Value\":\"125g\",\"Description\":\"Serving Size - Total - NIP\",\"SortOrder\":607},{\"Id\":544,\"Name\":\"Servings Per Pack - Total - NIP\",\"Value\":\"5\",\"Description\":\"Servings Per Pack - Total - NIP\",\"SortOrder\":611},{\"Id\":491,\"Name\":\"Sodium Quantity Per 100g - Total - NIP\",\"Value\":\"410mg\",\"Description\":\"Sodium Quantity Per 100g - Total - NIP\",\"SortOrder\":623},{\"Id\":495,\"Name\":\"Sodium Quantity Per Serve - Total - NIP\",\"Value\":\"513mg\",\"Description\":\"Sodium Quantity Per Serve - Total - NIP\",\"SortOrder\":627},{\"Id\":907,\"Name\":\"Sugars Quantity Per 100g - Prefix - NIP\",\"Value\":\"\",\"Description\":\"Sugars Quantity Per 100g - Prefix - NIP\",\"SortOrder\":645},{\"Id\":908,\"Name\":\"Sugars Quantity Per 100g - SuffixUnits - NIP\",\"Value\":\"g\",\"Description\":\"Sugars Quantity Per 100g - SuffixUnits - NIP\",\"SortOrder\":646},{\"Id\":909,\"Name\":\"Sugars Quantity Per 100g - Total - NIP\",\"Value\":\"0.4g\",\"Description\":\"Sugars Quantity Per 100g - Total - NIP\",\"SortOrder\":647},{\"Id\":910,\"Name\":\"Sugars Quantity Per 100g - ValueWord - NIP\",\"Value\":\"0.4\",\"Description\":\"Sugars Quantity Per 100g - ValueWord - NIP\",\"SortOrder\":648},{\"Id\":504,\"Name\":\"Sugars Quantity Per Serve - Prefix - NIP\",\"Value\":\"\",\"Description\":\"Sugars Quantity Per Serve - Prefix - NIP\",\"SortOrder\":649},{\"Id\":911,\"Name\":\"Sugars Quantity Per Serve - SuffixUnits - NIP\",\"Value\":\"g\",\"Description\":\"Sugars Quantity Per Serve - SuffixUnits - NIP\",\"SortOrder\":650},{\"Id\":912,\"Name\":\"Sugars Quantity Per Serve - Total - NIP\",\"Value\":\"0.5g\",\"Description\":\"Sugars Quantity Per Serve - Total - NIP\",\"SortOrder\":651},{\"Id\":572,\"Name\":\"Sugars Quantity Per Serve - ValueWord - NIP\",\"Value\":\"0.5\",\"Description\":\"Sugars Quantity Per Serve - ValueWord - NIP\",\"SortOrder\":652}]}",
        "storageinstructions": null,
        "usageinstructions": null,
        "brand": "artisan sourdough bakers",
        "manufacturer": null,
        "countryoforigin": null,
        "productheightmm": null,
        "productwidthmm": null,
        "productdepthmm": null,
        "wool_productpackaging": null,
        "recyclableinformation": null,
        "importantinformation": null,
        "allergencontains": "Gluten",
        "allergenmaybepresent": "Egg, Milk, Peanuts, Sesame Seeds, Soybean, Sulphites, Tree Nuts",
        "allergystatement": "No Peanuts",
        "lifestyleanddietarystatement": "Low Fat",
        "lifestyleclaim": null,
        "wool_dietaryclaim": "No Added Yeast",
        "boxedcontents": null,
        "suitablefor": null,
        "fragrance": null,
        "colour": null,
        "antioxidant": "False",
        "addedvitaminsandminerals": "False",
        "bpafree": "False",
        "sulfatefree": "False",
        "parabenfree": "False",
        "claims": null,
        "alcoholfree": null,
        "anti-dandruff": null,
        "dermatologicallyapproved": null,
        "dermatologistrecommended": null,
        "dermatologisttested": null,
        "fragrance-free": null,
        "haircolour": null,
        "hairtype": null,
        "hypo-allergenic": null,
        "non-comedogenic": null,
        "oilfree": null,
        "ophthalmologistapproved": null,
        "ophthalmologisttested": null,
        "paba-free": null,
        "skincondition": null,
        "skintype": null,
        "soap-free": null,
        "spf": null,
        "sweatresistant": null,
        "timer": null,
        "waterresistant": null,
        "phbalanced": null,
        "antiseptic": "False",
        "antibacterial": "False",
        "activeconstituents": null,
        "contains": null,
        "microwavesafe": "False",
        "productimagecount": "3",
        "friendlydisclaimer": null,
        "productimages": "524371.jpg,524371_1.jpg,524371_2.jpg",
        "healthstarrating": "0"
      },
      "DetailsImagePaths": [
        "https://cdn0.woolworths.media/content/wowproductimages/large/524371.jpg",
        "https://cdn0.woolworths.media/content/wowproductimages/large/524371_1.jpg",
        "https://cdn0.woolworths.media/content/wowproductimages/large/524371_2.jpg"
      ],
      "Variety": "loaf",
      "Rating": {
        "ReviewCount": 0,
        "RatingCount": 0,
        "OneStarCount": 0,
        "TwoStarCount": 0,
        "ThreeStarCount": 0,
        "FourStarCount": 0,
        "FiveStarCount": 0,
        "Average": 0,
        "OneStarPercentage": 0,
        "TwoStarPercentage": 0,
        "ThreeStarPercentage": 0,
        "FourStarPercentage": 0,
        "FiveStarPercentage": 0
      }
    },
    {
      "Stockcode": 524373,
      "Barcode": "9340078000788",
      "GtinFormat": 13,
      "CupPrice": 1.11,
      "InstoreCupPrice": 1.11,
      "CupMeasure": "100G",
      "CupString": "$1.11 / 100G",
      "InstoreCupString": "$1.11 / 100G",
      "HasCupPrice": true,
      "InstoreHasCupPrice": true,
      "Price": 6,
      "InstorePrice": 6,
      "Name": "Artisan Sourdough Bakers Walnut, Currant & Fennel Sourdough",
      "UrlFriendlyName": "artisan-sourdough-bakers-walnut-currant-fennel-sourdough",
      "Description": " Artisan Sourdough Bakers<br>Walnut, Currant &... 540g",
      "SmallImageFile": "https://cdn0.woolworths.media/content/wowproductimages/small/524373.jpg",
      "MediumImageFile": "https://cdn0.woolworths.media/content/wowproductimages/medium/524373.jpg",
      "LargeImageFile": "https://cdn0.woolworths.media/content/wowproductimages/large/524373.jpg",
      "IsNew": false,
      "IsOnSpecial": false,
      "InstoreIsOnSpecial": false,
      "IsEdrSpecial": false,
      "SavingsAmount": 0,
      "InstoreSavingsAmount": 0,
      "WasPrice": 6,
      "InstoreWasPrice": 6,
      "QuantityInTrolley": 0,
      "Unit": "Each",
      "MinimumQuantity": 1,
      "HasBeenBoughtBefore": false,
      "IsInTrolley": false,
      "Source": "Aisle.Bakery",
      "SupplyLimit": 36,
      "IsRanged": false,
      "IsInStock": true,
      "PackageSize": "540g",
      "IsPmDelivery": true,
      "IsForCollection": true,
      "IsForDelivery": true,
      "IsForExpress": false,
      "ProductRestrictionMessage": "Available for afternoon delivery and pick up orders",
      "CentreTag": {
        "TagContent": null,
        "TagLink": null,
        "FallbackText": null,
        "TagType": "None"
      },
      "IsCentreTag": false,
      "ImageTag": {
        "TagContent": null,
        "TagLink": null,
        "FallbackText": "",
        "TagType": "None"
      },
      "HeaderTag": null,
      "HasHeaderTag": false,
      "UnitWeightInGrams": 540,
      "SupplyLimitMessage": "'Artisan Sourdough Bakers Walnut, Currant & Fennel Sourdough' has a supply limit of 36. The quantity in your cart has been reduced accordingly. To purchase a larger quantity, please contact us on 1800 000 610. Please note we do not supply trade orders.",
      "SmallFormatDescription": "Artisan Sourdough Bakers Walnut, Currant & Fennel Sourdough",
      "FullDescription": "Artisan Sourdough Bakers Walnut, Currant & Fennel Sourdough",
      "IsAvailable": true,
      "InstoreIsAvailable": true,
      "IsPurchasable": true,
      "InstoreIsPurchasable": true,
      "AgeRestricted": false,
      "DisplayQuantity": 1,
      "RichDescription": "<p>Artisan Sourdough Bakers Walnut, Currant & Fennel contain no added yeast. Our sourdough loaves are beautifully made with natural and honest ingredients using traditional artisan techniques.</p>",
      "IsDeliveryPass": false,
      "HideWasSavedPrice": false,
      "SapCategories": null,
      "Brand": "artisan sourdough bakers",
      "FooterTag": {
        "TagContent": null,
        "TagLink": null,
        "FallbackText": null,
        "TagType": "None"
      },
      "IsFooterEnabled": true,
      "Diagnostics": "57",
      "IsBundle": false,
      "ChildProducts": [],
      "UrlOverride": null,
      "AdditionalAttributes": {
        "sapdepartmentname": "BAKEHOUSE",
        "sapdepartmentno": "45",
        "sapcategoryname": "INSTORE BAKERY",
        "sapcategoryno": "56",
        "sapsubcategoryname": "ISB SPECIALTY BREAD",
        "sapsubcategoryno": "979",
        "sapsegmentname": "WHOLEMEAL/GRAIN/SEEDED",
        "sapsegmentno": "2",
        "specialsgroupid": null,
        "PiesProductDepartmentNodeId": "1_DEB537E",
        "PiesProductDepartmentsjson": "[{\"Id\":\"1_DEB537E\",\"Description\":\"Bakery\"}]",
        "piesdepartmentnamesjson": "[\"Bakery\"]",
        "piescategorynamesjson": "[\"In-Store Bakery\"]",
        "piessubcategorynamesjson": "[\"Sourdough & Specialty Bread\"]",
        "servingsize-total-nip": null,
        "servingsperpack-total-nip": null,
        "microwaveable": "False",
        "ovencook": "False",
        "vegetarian": "False",
        "freezable": "False",
        "containsnuts": "False",
        "containsgluten": "False",
        "description": "<p>Artisan Sourdough Bakers Walnut, Currant & Fennel contain no added yeast. Our sourdough loaves are beautifully made with natural and honest ingredients using traditional artisan techniques.</p>",
        "ingredients": "Wheat Flour, Water, Sourdough Culture (14%), Walnut (6%), Wheat Semolina, Currants (3%), Fennel (1%), Iodized Sea Salt, Vitamins (Thiamin, Folate).",
        "nutritionalinformation": "{\"Name\":\"Nutritional Information\",\"Attributes\":[{\"Id\":705,\"Name\":\"Carbohydrate Quantity Per 100g - Total - NIP\",\"Value\":\"42.6g\",\"Description\":\"Carbohydrate Quantity Per 100g - Total - NIP\",\"SortOrder\":83},{\"Id\":706,\"Name\":\"Carbohydrate Quantity Per Serve - Total - NIP\",\"Value\":\"46.0g\",\"Description\":\"Carbohydrate Quantity Per Serve - Total - NIP\",\"SortOrder\":87},{\"Id\":759,\"Name\":\"Energy kJ Quantity Per 100g - Total - NIP\",\"Value\":\"1060kJ\",\"Description\":\"Energy kJ Quantity Per 100g - Total - NIP\",\"SortOrder\":239},{\"Id\":760,\"Name\":\"Energy kJ Quantity Per Serve - Total - NIP\",\"Value\":\"1140kJ\",\"Description\":\"Energy kJ Quantity Per Serve - Total - NIP\",\"SortOrder\":243},{\"Id\":253,\"Name\":\"Fat Saturated Quantity Per 100g - Total - NIP\",\"Value\":\"0.5g\",\"Description\":\"Fat Saturated Quantity Per 100g - Total - NIP\",\"SortOrder\":251},{\"Id\":258,\"Name\":\"Fat Saturated Quantity Per Serve - Total - NIP\",\"Value\":\"0.6g\",\"Description\":\"Fat Saturated Quantity Per Serve - Total - NIP\",\"SortOrder\":255},{\"Id\":764,\"Name\":\"Fat Total Quantity Per 100g - Total - NIP\",\"Value\":\"5.4g\",\"Description\":\"Fat Total Quantity Per 100g - Total - NIP\",\"SortOrder\":263},{\"Id\":264,\"Name\":\"Fat Total Quantity Per Serve - Total - NIP\",\"Value\":\"5.8g\",\"Description\":\"Fat Total Quantity Per Serve - Total - NIP\",\"SortOrder\":267},{\"Id\":878,\"Name\":\"Protein Quantity Per 100g - Total - NIP\",\"Value\":\"8.2g\",\"Description\":\"Protein Quantity Per 100g - Total - NIP\",\"SortOrder\":587},{\"Id\":882,\"Name\":\"Protein Quantity Per Serve - Total - NIP\",\"Value\":\"8.9g\",\"Description\":\"Protein Quantity Per Serve - Total - NIP\",\"SortOrder\":591},{\"Id\":477,\"Name\":\"Serving Size - Total - NIP\",\"Value\":\"108g\",\"Description\":\"Serving Size - Total - NIP\",\"SortOrder\":607},{\"Id\":544,\"Name\":\"Servings Per Pack - Total - NIP\",\"Value\":\"5\",\"Description\":\"Servings Per Pack - Total - NIP\",\"SortOrder\":611},{\"Id\":491,\"Name\":\"Sodium Quantity Per 100g - Total - NIP\",\"Value\":\"373mg\",\"Description\":\"Sodium Quantity Per 100g - Total - NIP\",\"SortOrder\":623},{\"Id\":495,\"Name\":\"Sodium Quantity Per Serve - Total - NIP\",\"Value\":\"402mg\",\"Description\":\"Sodium Quantity Per Serve - Total - NIP\",\"SortOrder\":627},{\"Id\":907,\"Name\":\"Sugars Quantity Per 100g - Prefix - NIP\",\"Value\":\"\",\"Description\":\"Sugars Quantity Per 100g - Prefix - NIP\",\"SortOrder\":645},{\"Id\":908,\"Name\":\"Sugars Quantity Per 100g - SuffixUnits - NIP\",\"Value\":\"g\",\"Description\":\"Sugars Quantity Per 100g - SuffixUnits - NIP\",\"SortOrder\":646},{\"Id\":909,\"Name\":\"Sugars Quantity Per 100g - Total - NIP\",\"Value\":\"2.9g\",\"Description\":\"Sugars Quantity Per 100g - Total - NIP\",\"SortOrder\":647},{\"Id\":910,\"Name\":\"Sugars Quantity Per 100g - ValueWord - NIP\",\"Value\":\"2.9\",\"Description\":\"Sugars Quantity Per 100g - ValueWord - NIP\",\"SortOrder\":648},{\"Id\":504,\"Name\":\"Sugars Quantity Per Serve - Prefix - NIP\",\"Value\":\"\",\"Description\":\"Sugars Quantity Per Serve - Prefix - NIP\",\"SortOrder\":649},{\"Id\":911,\"Name\":\"Sugars Quantity Per Serve - SuffixUnits - NIP\",\"Value\":\"g\",\"Description\":\"Sugars Quantity Per Serve - SuffixUnits - NIP\",\"SortOrder\":650},{\"Id\":912,\"Name\":\"Sugars Quantity Per Serve - Total - NIP\",\"Value\":\"3.2g\",\"Description\":\"Sugars Quantity Per Serve - Total - NIP\",\"SortOrder\":651},{\"Id\":572,\"Name\":\"Sugars Quantity Per Serve - ValueWord - NIP\",\"Value\":\"3.2\",\"Description\":\"Sugars Quantity Per Serve - ValueWord - NIP\",\"SortOrder\":652}]}",
        "storageinstructions": null,
        "usageinstructions": null,
        "brand": "artisan sourdough bakers",
        "manufacturer": null,
        "countryoforigin": null,
        "productheightmm": null,
        "productwidthmm": null,
        "productdepthmm": null,
        "wool_productpackaging": null,
        "recyclableinformation": null,
        "importantinformation": null,
        "allergencontains": "Gluten, Tree Nuts",
        "allergenmaybepresent": "Egg, Milk, Peanuts, Sesame Seeds, Soybean, Sulphites",
        "allergystatement": "Crustacea Free",
        "lifestyleanddietarystatement": null,
        "lifestyleclaim": null,
        "wool_dietaryclaim": "No Added Yeast",
        "boxedcontents": null,
        "suitablefor": null,
        "fragrance": null,
        "colour": null,
        "antioxidant": "False",
        "addedvitaminsandminerals": "False",
        "bpafree": "False",
        "sulfatefree": "False",
        "parabenfree": "False",
        "claims": null,
        "alcoholfree": null,
        "anti-dandruff": null,
        "dermatologicallyapproved": null,
        "dermatologistrecommended": null,
        "dermatologisttested": null,
        "fragrance-free": null,
        "haircolour": null,
        "hairtype": null,
        "hypo-allergenic": null,
        "non-comedogenic": null,
        "oilfree": null,
        "ophthalmologistapproved": null,
        "ophthalmologisttested": null,
        "paba-free": null,
        "skincondition": null,
        "skintype": null,
        "soap-free": null,
        "spf": null,
        "sweatresistant": null,
        "timer": null,
        "waterresistant": null,
        "phbalanced": null,
        "antiseptic": "False",
        "antibacterial": "False",
        "activeconstituents": null,
        "contains": null,
        "microwavesafe": "False",
        "productimagecount": "3",
        "friendlydisclaimer": null,
        "productimages": "524373.jpg,524373_2.jpg,524373_1.jpg",
        "healthstarrating": "0"
      },
      "DetailsImagePaths": [
        "https://cdn0.woolworths.media/content/wowproductimages/large/524373.jpg",
        "https://cdn0.woolworths.media/content/wowproductimages/large/524373_1.jpg",
        "https://cdn0.woolworths.media/content/wowproductimages/large/524373_2.jpg"
      ],
      "Variety": "sourdough",
      "Rating": {
        "ReviewCount": 0,
        "RatingCount": 0,
        "OneStarCount": 0,
        "TwoStarCount": 0,
        "ThreeStarCount": 0,
        "FourStarCount": 0,
        "FiveStarCount": 0,
        "Average": 0,
        "OneStarPercentage": 0,
        "TwoStarPercentage": 0,
        "ThreeStarPercentage": 0,
        "FourStarPercentage": 0,
        "FiveStarPercentage": 0
      }
    },
    {
      "Stockcode": 523679,
      "Barcode": "9340078000764",
      "GtinFormat": 13,
      "CupPrice": 0.95,
      "InstoreCupPrice": 0.95,
      "CupMeasure": "100G",
      "CupString": "$0.95 / 100G",
      "InstoreCupString": "$0.95 / 100G",
      "HasCupPrice": true,
      "InstoreHasCupPrice": true,
      "Price": 6,
      "InstorePrice": 6,
      "Name": "Artisan Sourdough Bakers White Semolina Sourdough",
      "UrlFriendlyName": "artisan-sourdough-bakers-white-semolina-sourdough",
      "Description": " Artisan Sourdough Bakers<br>White Semolina... 630g",
      "SmallImageFile": "https://cdn0.woolworths.media/content/wowproductimages/small/523679.jpg",
      "MediumImageFile": "https://cdn0.woolworths.media/content/wowproductimages/medium/523679.jpg",
      "LargeImageFile": "https://cdn0.woolworths.media/content/wowproductimages/large/523679.jpg",
      "IsNew": false,
      "IsOnSpecial": false,
      "InstoreIsOnSpecial": false,
      "IsEdrSpecial": false,
      "SavingsAmount": 0,
      "InstoreSavingsAmount": 0,
      "WasPrice": 6,
      "InstoreWasPrice": 6,
      "QuantityInTrolley": 0,
      "Unit": "Each",
      "MinimumQuantity": 1,
      "HasBeenBoughtBefore": false,
      "IsInTrolley": false,
      "Source": "Aisle.Bakery",
      "SupplyLimit": 36,
      "IsRanged": false,
      "IsInStock": true,
      "PackageSize": "630g",
      "IsPmDelivery": true,
      "IsForCollection": true,
      "IsForDelivery": true,
      "IsForExpress": false,
      "ProductRestrictionMessage": "Available for afternoon delivery and pick up orders",
      "CentreTag": {
        "TagContent": null,
        "TagLink": null,
        "FallbackText": null,
        "TagType": "None"
      },
      "IsCentreTag": false,
      "ImageTag": {
        "TagContent": null,
        "TagLink": null,
        "FallbackText": "",
        "TagType": "None"
      },
      "HeaderTag": null,
      "HasHeaderTag": false,
      "UnitWeightInGrams": 630,
      "SupplyLimitMessage": "'Artisan Sourdough Bakers White Semolina Sourdough' has a supply limit of 36. The quantity in your cart has been reduced accordingly. To purchase a larger quantity, please contact us on 1800 000 610. Please note we do not supply trade orders.",
      "SmallFormatDescription": "Artisan Sourdough Bakers White Semolina Sourdough",
      "FullDescription": "Artisan Sourdough Bakers White Semolina Sourdough",
      "IsAvailable": true,
      "InstoreIsAvailable": true,
      "IsPurchasable": true,
      "InstoreIsPurchasable": true,
      "AgeRestricted": false,
      "DisplayQuantity": 1,
      "RichDescription": "<p>Our sourdough loaves are beautifully made with natural and honest ingredients using traditional artisan techniques.</p>",
      "IsDeliveryPass": false,
      "HideWasSavedPrice": false,
      "SapCategories": null,
      "Brand": "artisan sourdough bakers",
      "FooterTag": {
        "TagContent": null,
        "TagLink": null,
        "FallbackText": null,
        "TagType": "None"
      },
      "IsFooterEnabled": true,
      "Diagnostics": "58",
      "IsBundle": false,
      "ChildProducts": [],
      "UrlOverride": null,
      "AdditionalAttributes": {
        "sapdepartmentname": "BAKEHOUSE",
        "sapdepartmentno": "45",
        "sapcategoryname": "INSTORE BAKERY",
        "sapcategoryno": "56",
        "sapsubcategoryname": "ISB SPECIALTY BREAD",
        "sapsubcategoryno": "979",
        "sapsegmentname": "PLAIN",
        "sapsegmentno": "1",
        "specialsgroupid": null,
        "PiesProductDepartmentNodeId": "1_DEB537E",
        "PiesProductDepartmentsjson": "[{\"Id\":\"1_DEB537E\",\"Description\":\"Bakery\"}]",
        "piesdepartmentnamesjson": "[\"Bakery\"]",
        "piescategorynamesjson": "[\"In-Store Bakery\"]",
        "piessubcategorynamesjson": "[\"Sourdough & Specialty Bread\"]",
        "servingsize-total-nip": null,
        "servingsperpack-total-nip": null,
        "microwaveable": "False",
        "ovencook": "False",
        "vegetarian": "False",
        "freezable": "False",
        "containsnuts": "False",
        "containsgluten": "False",
        "description": "<p>Our sourdough loaves are beautifully made with natural and honest ingredients using traditional artisan techniques.</p>",
        "ingredients": "Wheat Flour, Water, Sourdough Culture (15%), Wheat Semolina (5%), Iodised Sea Salt, Vitamins (Thiamin, Folate).",
        "nutritionalinformation": "{\"Name\":\"Nutritional Information\",\"Attributes\":[{\"Id\":705,\"Name\":\"Carbohydrate Quantity Per 100g - Total - NIP\",\"Value\":\"42.6g\",\"Description\":\"Carbohydrate Quantity Per 100g - Total - NIP\",\"SortOrder\":83},{\"Id\":706,\"Name\":\"Carbohydrate Quantity Per Serve - Total - NIP\",\"Value\":\"53.2g\",\"Description\":\"Carbohydrate Quantity Per Serve - Total - NIP\",\"SortOrder\":87},{\"Id\":759,\"Name\":\"Energy kJ Quantity Per 100g - Total - NIP\",\"Value\":\"900kJ\",\"Description\":\"Energy kJ Quantity Per 100g - Total - NIP\",\"SortOrder\":239},{\"Id\":760,\"Name\":\"Energy kJ Quantity Per Serve - Total - NIP\",\"Value\":\"1120kJ\",\"Description\":\"Energy kJ Quantity Per Serve - Total - NIP\",\"SortOrder\":243},{\"Id\":253,\"Name\":\"Fat Saturated Quantity Per 100g - Total - NIP\",\"Value\":\"0.1g\",\"Description\":\"Fat Saturated Quantity Per 100g - Total - NIP\",\"SortOrder\":251},{\"Id\":258,\"Name\":\"Fat Saturated Quantity Per Serve - Total - NIP\",\"Value\":\"0.2g\",\"Description\":\"Fat Saturated Quantity Per Serve - Total - NIP\",\"SortOrder\":255},{\"Id\":764,\"Name\":\"Fat Total Quantity Per 100g - Total - NIP\",\"Value\":\"1.0g\",\"Description\":\"Fat Total Quantity Per 100g - Total - NIP\",\"SortOrder\":263},{\"Id\":264,\"Name\":\"Fat Total Quantity Per Serve - Total - NIP\",\"Value\":\"1.2g\",\"Description\":\"Fat Total Quantity Per Serve - Total - NIP\",\"SortOrder\":267},{\"Id\":878,\"Name\":\"Protein Quantity Per 100g - Total - NIP\",\"Value\":\"7.7g\",\"Description\":\"Protein Quantity Per 100g - Total - NIP\",\"SortOrder\":587},{\"Id\":882,\"Name\":\"Protein Quantity Per Serve - Total - NIP\",\"Value\":\"9.6g\",\"Description\":\"Protein Quantity Per Serve - Total - NIP\",\"SortOrder\":591},{\"Id\":477,\"Name\":\"Serving Size - Total - NIP\",\"Value\":\"125g\",\"Description\":\"Serving Size - Total - NIP\",\"SortOrder\":607},{\"Id\":544,\"Name\":\"Servings Per Pack - Total - NIP\",\"Value\":\"5\",\"Description\":\"Servings Per Pack - Total - NIP\",\"SortOrder\":611},{\"Id\":491,\"Name\":\"Sodium Quantity Per 100g - Total - NIP\",\"Value\":\"410mg\",\"Description\":\"Sodium Quantity Per 100g - Total - NIP\",\"SortOrder\":623},{\"Id\":495,\"Name\":\"Sodium Quantity Per Serve - Total - NIP\",\"Value\":\"512mg\",\"Description\":\"Sodium Quantity Per Serve - Total - NIP\",\"SortOrder\":627},{\"Id\":907,\"Name\":\"Sugars Quantity Per 100g - Prefix - NIP\",\"Value\":\"\",\"Description\":\"Sugars Quantity Per 100g - Prefix - NIP\",\"SortOrder\":645},{\"Id\":908,\"Name\":\"Sugars Quantity Per 100g - SuffixUnits - NIP\",\"Value\":\"g\",\"Description\":\"Sugars Quantity Per 100g - SuffixUnits - NIP\",\"SortOrder\":646},{\"Id\":909,\"Name\":\"Sugars Quantity Per 100g - Total - NIP\",\"Value\":\"0.3g\",\"Description\":\"Sugars Quantity Per 100g - Total - NIP\",\"SortOrder\":647},{\"Id\":910,\"Name\":\"Sugars Quantity Per 100g - ValueWord - NIP\",\"Value\":\"0.3\",\"Description\":\"Sugars Quantity Per 100g - ValueWord - NIP\",\"SortOrder\":648},{\"Id\":504,\"Name\":\"Sugars Quantity Per Serve - Prefix - NIP\",\"Value\":\"\",\"Description\":\"Sugars Quantity Per Serve - Prefix - NIP\",\"SortOrder\":649},{\"Id\":911,\"Name\":\"Sugars Quantity Per Serve - SuffixUnits - NIP\",\"Value\":\"g\",\"Description\":\"Sugars Quantity Per Serve - SuffixUnits - NIP\",\"SortOrder\":650},{\"Id\":912,\"Name\":\"Sugars Quantity Per Serve - Total - NIP\",\"Value\":\"0.4g\",\"Description\":\"Sugars Quantity Per Serve - Total - NIP\",\"SortOrder\":651},{\"Id\":572,\"Name\":\"Sugars Quantity Per Serve - ValueWord - NIP\",\"Value\":\"0.4\",\"Description\":\"Sugars Quantity Per Serve - ValueWord - NIP\",\"SortOrder\":652}]}",
        "storageinstructions": null,
        "usageinstructions": null,
        "brand": "artisan sourdough bakers",
        "manufacturer": null,
        "countryoforigin": null,
        "productheightmm": null,
        "productwidthmm": null,
        "productdepthmm": null,
        "wool_productpackaging": null,
        "recyclableinformation": null,
        "importantinformation": null,
        "allergencontains": "Gluten, Wheat",
        "allergenmaybepresent": "Egg, Milk, Peanuts, Sesame Seeds, Soybean, Sulphites, Tree Nuts",
        "allergystatement": "Shellfish Free",
        "lifestyleanddietarystatement": "Low Fat",
        "lifestyleclaim": null,
        "wool_dietaryclaim": "No Added Yeast",
        "boxedcontents": null,
        "suitablefor": null,
        "fragrance": null,
        "colour": null,
        "antioxidant": "False",
        "addedvitaminsandminerals": "False",
        "bpafree": "False",
        "sulfatefree": "False",
        "parabenfree": "False",
        "claims": null,
        "alcoholfree": null,
        "anti-dandruff": null,
        "dermatologicallyapproved": null,
        "dermatologistrecommended": null,
        "dermatologisttested": null,
        "fragrance-free": null,
        "haircolour": null,
        "hairtype": null,
        "hypo-allergenic": null,
        "non-comedogenic": null,
        "oilfree": null,
        "ophthalmologistapproved": null,
        "ophthalmologisttested": null,
        "paba-free": null,
        "skincondition": null,
        "skintype": null,
        "soap-free": null,
        "spf": null,
        "sweatresistant": null,
        "timer": null,
        "waterresistant": null,
        "phbalanced": null,
        "antiseptic": "False",
        "antibacterial": "False",
        "activeconstituents": null,
        "contains": null,
        "microwavesafe": "False",
        "productimagecount": "3",
        "friendlydisclaimer": null,
        "productimages": "523679_2.jpg,523679.jpg,523679_1.jpg",
        "healthstarrating": "0"
      },
      "DetailsImagePaths": [
        "https://cdn0.woolworths.media/content/wowproductimages/large/523679.jpg",
        "https://cdn0.woolworths.media/content/wowproductimages/large/523679_1.jpg",
        "https://cdn0.woolworths.media/content/wowproductimages/large/523679_2.jpg"
      ],
      "Variety": "sourdough",
      "Rating": {
        "ReviewCount": 0,
        "RatingCount": 0,
        "OneStarCount": 0,
        "TwoStarCount": 0,
        "ThreeStarCount": 0,
        "FourStarCount": 0,
        "FiveStarCount": 0,
        "Average": 0,
        "OneStarPercentage": 0,
        "TwoStarPercentage": 0,
        "ThreeStarPercentage": 0,
        "FourStarPercentage": 0,
        "FiveStarPercentage": 0
      }
    },
    {
      "Stockcode": 524370,
      "Barcode": "9340078000771",
      "GtinFormat": 13,
      "CupPrice": 0.95,
      "InstoreCupPrice": 0.95,
      "CupMeasure": "100G",
      "CupString": "$0.95 / 100G",
      "InstoreCupString": "$0.95 / 100G",
      "HasCupPrice": true,
      "InstoreHasCupPrice": true,
      "Price": 6,
      "InstorePrice": 6,
      "Name": "Artisan Sourdough Bakers Whole Soybean, Flaxseed & Toasted Sesame",
      "UrlFriendlyName": "artisan-sourdough-bakers-whole-soybean-flaxseed-toasted-sesame",
      "Description": " Artisan Sourdough Bakers<br>Whole Soybean,... 630g",
      "SmallImageFile": "https://cdn0.woolworths.media/content/wowproductimages/small/524370.jpg",
      "MediumImageFile": "https://cdn0.woolworths.media/content/wowproductimages/medium/524370.jpg",
      "LargeImageFile": "https://cdn0.woolworths.media/content/wowproductimages/large/524370.jpg",
      "IsNew": false,
      "IsOnSpecial": false,
      "InstoreIsOnSpecial": false,
      "IsEdrSpecial": false,
      "SavingsAmount": 0,
      "InstoreSavingsAmount": 0,
      "WasPrice": 6,
      "InstoreWasPrice": 6,
      "QuantityInTrolley": 0,
      "Unit": "Each",
      "MinimumQuantity": 1,
      "HasBeenBoughtBefore": false,
      "IsInTrolley": false,
      "Source": "Aisle.Bakery",
      "SupplyLimit": 36,
      "IsRanged": false,
      "IsInStock": true,
      "PackageSize": "630g",
      "IsPmDelivery": true,
      "IsForCollection": true,
      "IsForDelivery": true,
      "IsForExpress": false,
      "ProductRestrictionMessage": "Available for afternoon delivery and pick up orders",
      "CentreTag": {
        "TagContent": null,
        "TagLink": null,
        "FallbackText": null,
        "TagType": "None"
      },
      "IsCentreTag": false,
      "ImageTag": {
        "TagContent": null,
        "TagLink": null,
        "FallbackText": "",
        "TagType": "None"
      },
      "HeaderTag": null,
      "HasHeaderTag": false,
      "UnitWeightInGrams": 630,
      "SupplyLimitMessage": "'Artisan Sourdough Bakers Whole Soybean, Flaxseed & Toasted Sesame' has a supply limit of 36. The quantity in your cart has been reduced accordingly. To purchase a larger quantity, please contact us on 1800 000 610. Please note we do not supply trade orders.",
      "SmallFormatDescription": "Artisan Sourdough Bakers Whole Soybean, Flaxseed & Toasted Sesame",
      "FullDescription": "Artisan Sourdough Bakers Whole Soybean, Flaxseed & Toasted Sesame",
      "IsAvailable": true,
      "InstoreIsAvailable": true,
      "IsPurchasable": true,
      "InstoreIsPurchasable": true,
      "AgeRestricted": false,
      "DisplayQuantity": 1,
      "RichDescription": "<p>Artisan Sourdough Bakers Whole Soybean, Flaxseed & Toasted Sesame contains no added yeast. Our sourdough loaves are beautifully made with natural and honest ingredients using traditional artisan techniques.</p>",
      "IsDeliveryPass": false,
      "HideWasSavedPrice": false,
      "SapCategories": null,
      "Brand": "artisan sourdough bakers",
      "FooterTag": {
        "TagContent": null,
        "TagLink": null,
        "FallbackText": null,
        "TagType": "None"
      },
      "IsFooterEnabled": true,
      "Diagnostics": "59",
      "IsBundle": false,
      "ChildProducts": [],
      "UrlOverride": null,
      "AdditionalAttributes": {
        "sapdepartmentname": "BAKEHOUSE",
        "sapdepartmentno": "45",
        "sapcategoryname": "INSTORE BAKERY",
        "sapcategoryno": "56",
        "sapsubcategoryname": "ISB SPECIALTY BREAD",
        "sapsubcategoryno": "979",
        "sapsegmentname": "WHOLEMEAL/GRAIN/SEEDED",
        "sapsegmentno": "2",
        "specialsgroupid": null,
        "PiesProductDepartmentNodeId": "1_DEB537E",
        "PiesProductDepartmentsjson": "[{\"Id\":\"1_DEB537E\",\"Description\":\"Bakery\"}]",
        "piesdepartmentnamesjson": "[\"Bakery\"]",
        "piescategorynamesjson": "[\"In-Store Bakery\"]",
        "piessubcategorynamesjson": "[\"Sourdough & Specialty Bread\"]",
        "servingsize-total-nip": null,
        "servingsperpack-total-nip": null,
        "microwaveable": "False",
        "ovencook": "False",
        "vegetarian": "False",
        "freezable": "False",
        "containsnuts": "False",
        "containsgluten": "False",
        "description": "<p>Artisan Sourdough Bakers Whole Soybean, Flaxseed & Toasted Sesame contains no added yeast. Our sourdough loaves are beautifully made with natural and honest ingredients using traditional artisan techniques.</p>",
        "ingredients": "Wheat Flour, Sourdough Culture (13%), Wheat Semolina, Whole Soybean (4%), Flaxseed (4%), Iodised Sea Salt, Sesame Seed (0.5%), Vitamins (Thiamin, Folate).",
        "nutritionalinformation": "{\"Name\":\"Nutritional Information\",\"Attributes\":[{\"Id\":705,\"Name\":\"Carbohydrate Quantity Per 100g - Total - NIP\",\"Value\":\"36.3g\",\"Description\":\"Carbohydrate Quantity Per 100g - Total - NIP\",\"SortOrder\":83},{\"Id\":706,\"Name\":\"Carbohydrate Quantity Per Serve - Total - NIP\",\"Value\":\"45.4g\",\"Description\":\"Carbohydrate Quantity Per Serve - Total - NIP\",\"SortOrder\":87},{\"Id\":759,\"Name\":\"Energy kJ Quantity Per 100g - Total - NIP\",\"Value\":\"931kJ\",\"Description\":\"Energy kJ Quantity Per 100g - Total - NIP\",\"SortOrder\":239},{\"Id\":760,\"Name\":\"Energy kJ Quantity Per Serve - Total - NIP\",\"Value\":\"1160kJ\",\"Description\":\"Energy kJ Quantity Per Serve - Total - NIP\",\"SortOrder\":243},{\"Id\":253,\"Name\":\"Fat Saturated Quantity Per 100g - Total - NIP\",\"Value\":\"0.4g\",\"Description\":\"Fat Saturated Quantity Per 100g - Total - NIP\",\"SortOrder\":251},{\"Id\":258,\"Name\":\"Fat Saturated Quantity Per Serve - Total - NIP\",\"Value\":\"0.5g\",\"Description\":\"Fat Saturated Quantity Per Serve - Total - NIP\",\"SortOrder\":255},{\"Id\":764,\"Name\":\"Fat Total Quantity Per 100g - Total - NIP\",\"Value\":\"3.7g\",\"Description\":\"Fat Total Quantity Per 100g - Total - NIP\",\"SortOrder\":263},{\"Id\":264,\"Name\":\"Fat Total Quantity Per Serve - Total - NIP\",\"Value\":\"4.7g\",\"Description\":\"Fat Total Quantity Per Serve - Total - NIP\",\"SortOrder\":267},{\"Id\":878,\"Name\":\"Protein Quantity Per 100g - Total - NIP\",\"Value\":\"8.6g\",\"Description\":\"Protein Quantity Per 100g - Total - NIP\",\"SortOrder\":587},{\"Id\":882,\"Name\":\"Protein Quantity Per Serve - Total - NIP\",\"Value\":\"10.8g\",\"Description\":\"Protein Quantity Per Serve - Total - NIP\",\"SortOrder\":591},{\"Id\":477,\"Name\":\"Serving Size - Total - NIP\",\"Value\":\"125g\",\"Description\":\"Serving Size - Total - NIP\",\"SortOrder\":607},{\"Id\":544,\"Name\":\"Servings Per Pack - Total - NIP\",\"Value\":\"5\",\"Description\":\"Servings Per Pack - Total - NIP\",\"SortOrder\":611},{\"Id\":491,\"Name\":\"Sodium Quantity Per 100g - Total - NIP\",\"Value\":\"344mg\",\"Description\":\"Sodium Quantity Per 100g - Total - NIP\",\"SortOrder\":623},{\"Id\":495,\"Name\":\"Sodium Quantity Per Serve - Total - NIP\",\"Value\":\"430mg\",\"Description\":\"Sodium Quantity Per Serve - Total - NIP\",\"SortOrder\":627},{\"Id\":907,\"Name\":\"Sugars Quantity Per 100g - Prefix - NIP\",\"Value\":\"\",\"Description\":\"Sugars Quantity Per 100g - Prefix - NIP\",\"SortOrder\":645},{\"Id\":908,\"Name\":\"Sugars Quantity Per 100g - SuffixUnits - NIP\",\"Value\":\"g\",\"Description\":\"Sugars Quantity Per 100g - SuffixUnits - NIP\",\"SortOrder\":646},{\"Id\":909,\"Name\":\"Sugars Quantity Per 100g - Total - NIP\",\"Value\":\"0.6g\",\"Description\":\"Sugars Quantity Per 100g - Total - NIP\",\"SortOrder\":647},{\"Id\":910,\"Name\":\"Sugars Quantity Per 100g - ValueWord - NIP\",\"Value\":\"0.6\",\"Description\":\"Sugars Quantity Per 100g - ValueWord - NIP\",\"SortOrder\":648},{\"Id\":504,\"Name\":\"Sugars Quantity Per Serve - Prefix - NIP\",\"Value\":\"\",\"Description\":\"Sugars Quantity Per Serve - Prefix - NIP\",\"SortOrder\":649},{\"Id\":911,\"Name\":\"Sugars Quantity Per Serve - SuffixUnits - NIP\",\"Value\":\"g\",\"Description\":\"Sugars Quantity Per Serve - SuffixUnits - NIP\",\"SortOrder\":650},{\"Id\":912,\"Name\":\"Sugars Quantity Per Serve - Total - NIP\",\"Value\":\"0.8g\",\"Description\":\"Sugars Quantity Per Serve - Total - NIP\",\"SortOrder\":651},{\"Id\":572,\"Name\":\"Sugars Quantity Per Serve - ValueWord - NIP\",\"Value\":\"0.8\",\"Description\":\"Sugars Quantity Per Serve - ValueWord - NIP\",\"SortOrder\":652}]}",
        "storageinstructions": null,
        "usageinstructions": null,
        "brand": "artisan sourdough bakers",
        "manufacturer": null,
        "countryoforigin": null,
        "productheightmm": null,
        "productwidthmm": null,
        "productdepthmm": null,
        "wool_productpackaging": null,
        "recyclableinformation": null,
        "importantinformation": null,
        "allergencontains": "Gluten, Sesame Seeds, Soybean",
        "allergenmaybepresent": "Egg, Milk, Peanuts, Sulphites, Tree Nuts",
        "allergystatement": "No Peanuts",
        "lifestyleanddietarystatement": "Low Sugar",
        "lifestyleclaim": null,
        "wool_dietaryclaim": null,
        "boxedcontents": null,
        "suitablefor": null,
        "fragrance": null,
        "colour": null,
        "antioxidant": "False",
        "addedvitaminsandminerals": "False",
        "bpafree": "False",
        "sulfatefree": "False",
        "parabenfree": "False",
        "claims": null,
        "alcoholfree": null,
        "anti-dandruff": null,
        "dermatologicallyapproved": null,
        "dermatologistrecommended": null,
        "dermatologisttested": null,
        "fragrance-free": null,
        "haircolour": null,
        "hairtype": null,
        "hypo-allergenic": null,
        "non-comedogenic": null,
        "oilfree": null,
        "ophthalmologistapproved": null,
        "ophthalmologisttested": null,
        "paba-free": null,
        "skincondition": null,
        "skintype": null,
        "soap-free": null,
        "spf": null,
        "sweatresistant": null,
        "timer": null,
        "waterresistant": null,
        "phbalanced": null,
        "antiseptic": "False",
        "antibacterial": "False",
        "activeconstituents": null,
        "contains": null,
        "microwavesafe": "False",
        "productimagecount": "3",
        "friendlydisclaimer": null,
        "productimages": "524370_1.jpg,524370_2.jpg,524370.jpg",
        "healthstarrating": "0"
      },
      "DetailsImagePaths": [
        "https://cdn0.woolworths.media/content/wowproductimages/large/524370.jpg",
        "https://cdn0.woolworths.media/content/wowproductimages/large/524370_1.jpg",
        "https://cdn0.woolworths.media/content/wowproductimages/large/524370_2.jpg"
      ],
      "Variety": "toasted sesame",
      "Rating": {
        "ReviewCount": 0,
        "RatingCount": 0,
        "OneStarCount": 0,
        "TwoStarCount": 0,
        "ThreeStarCount": 0,
        "FourStarCount": 0,
        "FiveStarCount": 0,
        "Average": 0,
        "OneStarPercentage": 0,
        "TwoStarPercentage": 0,
        "ThreeStarPercentage": 0,
        "FourStarPercentage": 0,
        "FiveStarPercentage": 0
      }
    },
    {
      "Stockcode": 771744,
      "Barcode": "9315090201017",
      "GtinFormat": 13,
      "CupPrice": 2,
      "InstoreCupPrice": 2,
      "CupMeasure": "100G",
      "CupString": "$2.00 / 100G",
      "InstoreCupString": "$2.00 / 100G",
      "HasCupPrice": true,
      "InstoreHasCupPrice": true,
      "Price": 4.5,
      "InstorePrice": 4.5,
      "Name": "Australia's Own Wraps Organic Quinoa",
      "UrlFriendlyName": "australia-s-own-wraps-organic-quinoa",
      "Description": " Australia's Own Wraps<br>Organic Quinoa 225g",
      "SmallImageFile": "https://cdn0.woolworths.media/content/wowproductimages/small/771744.jpg",
      "MediumImageFile": "https://cdn0.woolworths.media/content/wowproductimages/medium/771744.jpg",
      "LargeImageFile": "https://cdn0.woolworths.media/content/wowproductimages/large/771744.jpg",
      "IsNew": false,
      "IsOnSpecial": false,
      "InstoreIsOnSpecial": false,
      "IsEdrSpecial": false,
      "SavingsAmount": 0,
      "InstoreSavingsAmount": 0,
      "WasPrice": 4.5,
      "InstoreWasPrice": 4.5,
      "QuantityInTrolley": 0,
      "Unit": "Each",
      "MinimumQuantity": 1,
      "HasBeenBoughtBefore": false,
      "IsInTrolley": false,
      "Source": "Aisle.Bakery",
      "SupplyLimit": 36,
      "IsRanged": false,
      "IsInStock": true,
      "PackageSize": "225g",
      "IsPmDelivery": false,
      "IsForCollection": true,
      "IsForDelivery": true,
      "IsForExpress": false,
      "ProductRestrictionMessage": null,
      "CentreTag": {
        "TagContent": null,
        "TagLink": null,
        "FallbackText": null,
        "TagType": "None"
      },
      "IsCentreTag": false,
      "ImageTag": {
        "TagContent": null,
        "TagLink": null,
        "FallbackText": "",
        "TagType": "None"
      },
      "HeaderTag": null,
      "HasHeaderTag": false,
      "UnitWeightInGrams": 225,
      "SupplyLimitMessage": "'Australia's Own Wraps Organic Quinoa' has a supply limit of 36. The quantity in your cart has been reduced accordingly. To purchase a larger quantity, please contact us on 1800 000 610. Please note we do not supply trade orders.",
      "SmallFormatDescription": "Australia's Own Wraps Organic Quinoa",
      "FullDescription": "Australia's Own Wraps Organic Quinoa",
      "IsAvailable": true,
      "InstoreIsAvailable": true,
      "IsPurchasable": true,
      "InstoreIsPurchasable": true,
      "AgeRestricted": false,
      "DisplayQuantity": 1,
      "RichDescription": "<p>We take extra care in sourcing our ingredients from people who understand the importance of organic farming methods. This means our ingredients are grown without the use of any pesticides, to bring you a truly organic wrap that is free from artificial preservatives, colours and flavours.</p><p>Not only do they taste great, our organic wraps are also naturally rich in complex carbohydrates for energy and contain fibre to help with digestion.</p><p>Australia's Own Organic is proud to be endorsed by the Australian Certified Organic program which develops the interests of Australian organic industry farmers, operators and producers, processors and traders.</p>",
      "IsDeliveryPass": false,
      "HideWasSavedPrice": false,
      "SapCategories": null,
      "Brand": "australia's own",
      "FooterTag": {
        "TagContent": null,
        "TagLink": null,
        "FallbackText": null,
        "TagType": "None"
      },
      "IsFooterEnabled": false,
      "Diagnostics": "60",
      "IsBundle": false,
      "ChildProducts": [],
      "UrlOverride": null,
      "AdditionalAttributes": {
        "sapdepartmentname": "PROPRIETARY BAKERY",
        "sapdepartmentno": "47",
        "sapcategoryname": "PROPRIETARY BAKERY",
        "sapcategoryno": "60",
        "sapsubcategoryname": "RESALE INTERNATIONAL BREAD",
        "sapsubcategoryno": "810",
        "sapsegmentname": "WRAPS",
        "sapsegmentno": "1",
        "specialsgroupid": null,
        "PiesProductDepartmentNodeId": "1_DEB537E",
        "PiesProductDepartmentsjson": "[{\"Id\":\"1_DEB537E\",\"Description\":\"Bakery\"}]",
        "piesdepartmentnamesjson": "[\"Bakery\"]",
        "piescategorynamesjson": "[\"Packaged Bread & Bakery\"]",
        "piessubcategorynamesjson": "[\"Wraps & Flatbread\"]",
        "servingsize-total-nip": null,
        "servingsperpack-total-nip": null,
        "microwaveable": "False",
        "ovencook": "False",
        "vegetarian": "False",
        "freezable": "False",
        "containsnuts": "False",
        "containsgluten": "False",
        "description": "<p>We take extra care in sourcing our ingredients from people who understand the importance of organic farming methods. This means our ingredients are grown without the use of any pesticides, to bring you a truly organic wrap that is free from artificial preservatives, colours and flavours.</p><p>Not only do they taste great, our organic wraps are also naturally rich in complex carbohydrates for energy and contain fibre to help with digestion.</p><p>Australia's Own Organic is proud to be endorsed by the Australian Certified Organic program which develops the interests of Australian organic industry farmers, operators and producers, processors and traders.</p>",
        "ingredients": "Organic Wheat Flour. Water, Organic Oat Fibre, Omani: Vegetable Shortening. Organic Quinoa Flakes (22%), Organic Apple Juice Concentrate, Brown Rice Syrup, Organic Vinegar, Salt, Cultured Dextrose, Baking Powder (Cream of Tartar, Sodium Bicarbonate, Organic Rice Flour), Organic Wheat Gluten, Guar Gum:",
        "nutritionalinformation": "{\"Name\":\"Nutritional Information\",\"Attributes\":[{\"Id\":705,\"Name\":\"Carbohydrate Quantity Per 100g - Total - NIP\",\"Value\":\"46.9g\",\"Description\":\"Carbohydrate Quantity Per 100g - Total - NIP\",\"SortOrder\":83},{\"Id\":706,\"Name\":\"Carbohydrate Quantity Per Serve - Total - NIP\",\"Value\":\"21.1g\",\"Description\":\"Carbohydrate Quantity Per Serve - Total - NIP\",\"SortOrder\":87},{\"Id\":759,\"Name\":\"Energy kJ Quantity Per 100g - Total - NIP\",\"Value\":\"1182kJ\",\"Description\":\"Energy kJ Quantity Per 100g - Total - NIP\",\"SortOrder\":239},{\"Id\":760,\"Name\":\"Energy kJ Quantity Per Serve - Total - NIP\",\"Value\":\"532kJ\",\"Description\":\"Energy kJ Quantity Per Serve - Total - NIP\",\"SortOrder\":243},{\"Id\":253,\"Name\":\"Fat Saturated Quantity Per 100g - Total - NIP\",\"Value\":\"2.5g\",\"Description\":\"Fat Saturated Quantity Per 100g - Total - NIP\",\"SortOrder\":251},{\"Id\":258,\"Name\":\"Fat Saturated Quantity Per Serve - Total - NIP\",\"Value\":\"1.1g\",\"Description\":\"Fat Saturated Quantity Per Serve - Total - NIP\",\"SortOrder\":255},{\"Id\":764,\"Name\":\"Fat Total Quantity Per 100g - Total - NIP\",\"Value\":\"5.6g\",\"Description\":\"Fat Total Quantity Per 100g - Total - NIP\",\"SortOrder\":263},{\"Id\":264,\"Name\":\"Fat Total Quantity Per Serve - Total - NIP\",\"Value\":\"2.5g\",\"Description\":\"Fat Total Quantity Per Serve - Total - NIP\",\"SortOrder\":267},{\"Id\":878,\"Name\":\"Protein Quantity Per 100g - Total - NIP\",\"Value\":\"7.9g\",\"Description\":\"Protein Quantity Per 100g - Total - NIP\",\"SortOrder\":587},{\"Id\":882,\"Name\":\"Protein Quantity Per Serve - Total - NIP\",\"Value\":\"3.6g\",\"Description\":\"Protein Quantity Per Serve - Total - NIP\",\"SortOrder\":591},{\"Id\":477,\"Name\":\"Serving Size - Total - NIP\",\"Value\":\"1Wrap (15g Approx)\",\"Description\":\"Serving Size - Total - NIP\",\"SortOrder\":607},{\"Id\":544,\"Name\":\"Servings Per Pack - Total - NIP\",\"Value\":\"5\",\"Description\":\"Servings Per Pack - Total - NIP\",\"SortOrder\":611},{\"Id\":491,\"Name\":\"Sodium Quantity Per 100g - Total - NIP\",\"Value\":\"584mg\",\"Description\":\"Sodium Quantity Per 100g - Total - NIP\",\"SortOrder\":623},{\"Id\":495,\"Name\":\"Sodium Quantity Per Serve - Total - NIP\",\"Value\":\"263mg\",\"Description\":\"Sodium Quantity Per Serve - Total - NIP\",\"SortOrder\":627},{\"Id\":907,\"Name\":\"Sugars Quantity Per 100g - Prefix - NIP\",\"Value\":\"\",\"Description\":\"Sugars Quantity Per 100g - Prefix - NIP\",\"SortOrder\":645},{\"Id\":908,\"Name\":\"Sugars Quantity Per 100g - SuffixUnits - NIP\",\"Value\":\"g\",\"Description\":\"Sugars Quantity Per 100g - SuffixUnits - NIP\",\"SortOrder\":646},{\"Id\":909,\"Name\":\"Sugars Quantity Per 100g - Total - NIP\",\"Value\":\"2.6g\",\"Description\":\"Sugars Quantity Per 100g - Total - NIP\",\"SortOrder\":647},{\"Id\":910,\"Name\":\"Sugars Quantity Per 100g - ValueWord - NIP\",\"Value\":\"2.6\",\"Description\":\"Sugars Quantity Per 100g - ValueWord - NIP\",\"SortOrder\":648},{\"Id\":504,\"Name\":\"Sugars Quantity Per Serve - Prefix - NIP\",\"Value\":\"\",\"Description\":\"Sugars Quantity Per Serve - Prefix - NIP\",\"SortOrder\":649},{\"Id\":911,\"Name\":\"Sugars Quantity Per Serve - SuffixUnits - NIP\",\"Value\":\"g\",\"Description\":\"Sugars Quantity Per Serve - SuffixUnits - NIP\",\"SortOrder\":650},{\"Id\":912,\"Name\":\"Sugars Quantity Per Serve - Total - NIP\",\"Value\":\"1.2g\",\"Description\":\"Sugars Quantity Per Serve - Total - NIP\",\"SortOrder\":651},{\"Id\":572,\"Name\":\"Sugars Quantity Per Serve - ValueWord - NIP\",\"Value\":\"1.2\",\"Description\":\"Sugars Quantity Per Serve - ValueWord - NIP\",\"SortOrder\":652}]}",
        "storageinstructions": null,
        "usageinstructions": null,
        "brand": "australia's own",
        "manufacturer": null,
        "countryoforigin": null,
        "productheightmm": null,
        "productwidthmm": null,
        "productdepthmm": null,
        "wool_productpackaging": null,
        "recyclableinformation": null,
        "importantinformation": null,
        "allergencontains": "Cereals, Gluten, Oats, Wheat",
        "allergenmaybepresent": "Milk, Sesame, Soy",
        "allergystatement": "Lupin Free",
        "lifestyleanddietarystatement": "Organic",
        "lifestyleclaim": "Organic (Certified)",
        "wool_dietaryclaim": "No Artificial Colours, No Artificial Flavours, No Preservatives, Source of Dietary Fibre",
        "boxedcontents": null,
        "suitablefor": null,
        "fragrance": null,
        "colour": null,
        "antioxidant": "False",
        "addedvitaminsandminerals": "False",
        "bpafree": "False",
        "sulfatefree": "False",
        "parabenfree": "False",
        "claims": null,
        "alcoholfree": null,
        "anti-dandruff": null,
        "dermatologicallyapproved": null,
        "dermatologistrecommended": null,
        "dermatologisttested": null,
        "fragrance-free": null,
        "haircolour": null,
        "hairtype": null,
        "hypo-allergenic": null,
        "non-comedogenic": null,
        "oilfree": null,
        "ophthalmologistapproved": null,
        "ophthalmologisttested": null,
        "paba-free": null,
        "skincondition": null,
        "skintype": null,
        "soap-free": null,
        "spf": null,
        "sweatresistant": null,
        "timer": null,
        "waterresistant": null,
        "phbalanced": null,
        "antiseptic": "False",
        "antibacterial": "False",
        "activeconstituents": null,
        "contains": null,
        "microwavesafe": "False",
        "productimagecount": "1",
        "friendlydisclaimer": null,
        "productimages": "771744.jpg",
        "healthstarrating": "0"
      },
      "DetailsImagePaths": [
        "https://cdn0.woolworths.media/content/wowproductimages/large/771744.jpg"
      ],
      "Variety": "organic quinoa",
      "Rating": {
        "ReviewCount": 0,
        "RatingCount": 0,
        "OneStarCount": 0,
        "TwoStarCount": 0,
        "ThreeStarCount": 0,
        "FourStarCount": 0,
        "FiveStarCount": 0,
        "Average": 0,
        "OneStarPercentage": 0,
        "TwoStarPercentage": 0,
        "ThreeStarPercentage": 0,
        "FourStarPercentage": 0,
        "FiveStarPercentage": 0
      }
    },
    {
      "Stockcode": 490879,
      "Barcode": "0289798000007",
      "GtinFormat": 13,
      "CupPrice": 1,
      "InstoreCupPrice": 1,
      "CupMeasure": "1EA",
      "CupString": "$1.00 / 1EA",
      "InstoreCupString": "$1.00 / 1EA",
      "HasCupPrice": true,
      "InstoreHasCupPrice": true,
      "Price": 3,
      "InstorePrice": 3,
      "Name": "Bagels Plain ",
      "UrlFriendlyName": "bagels-plain",
      "Description": " Bagels Plain  3 pack",
      "SmallImageFile": "https://cdn0.woolworths.media/content/wowproductimages/small/490879.jpg",
      "MediumImageFile": "https://cdn0.woolworths.media/content/wowproductimages/medium/490879.jpg",
      "LargeImageFile": "https://cdn0.woolworths.media/content/wowproductimages/large/490879.jpg",
      "IsNew": false,
      "IsOnSpecial": false,
      "InstoreIsOnSpecial": false,
      "IsEdrSpecial": false,
      "SavingsAmount": 0,
      "InstoreSavingsAmount": 0,
      "WasPrice": 3,
      "InstoreWasPrice": 3,
      "QuantityInTrolley": 0,
      "Unit": "Each",
      "MinimumQuantity": 1,
      "HasBeenBoughtBefore": false,
      "IsInTrolley": false,
      "Source": "Aisle.Bakery",
      "SupplyLimit": 36,
      "IsRanged": false,
      "IsInStock": true,
      "PackageSize": "3 pack",
      "IsPmDelivery": true,
      "IsForCollection": true,
      "IsForDelivery": true,
      "IsForExpress": false,
      "ProductRestrictionMessage": "Available for afternoon delivery and pick up orders",
      "CentreTag": {
        "TagContent": null,
        "TagLink": null,
        "FallbackText": null,
        "TagType": "None"
      },
      "IsCentreTag": false,
      "ImageTag": {
        "TagContent": null,
        "TagLink": null,
        "FallbackText": "",
        "TagType": "None"
      },
      "HeaderTag": null,
      "HasHeaderTag": false,
      "UnitWeightInGrams": 1000,
      "SupplyLimitMessage": "'Bagels Plain ' has a supply limit of 36. The quantity in your cart has been reduced accordingly. To purchase a larger quantity, please contact us on 1800 000 610. Please note we do not supply trade orders.",
      "SmallFormatDescription": "Bagels Plain ",
      "FullDescription": "Bagels Plain ",
      "IsAvailable": true,
      "InstoreIsAvailable": true,
      "IsPurchasable": true,
      "InstoreIsPurchasable": true,
      "AgeRestricted": false,
      "DisplayQuantity": 1,
      "RichDescription": "<p></p>",
      "IsDeliveryPass": false,
      "HideWasSavedPrice": false,
      "SapCategories": null,
      "Brand": "bagels",
      "FooterTag": {
        "TagContent": null,
        "TagLink": null,
        "FallbackText": null,
        "TagType": "None"
      },
      "IsFooterEnabled": true,
      "Diagnostics": "61",
      "IsBundle": false,
      "ChildProducts": [],
      "UrlOverride": null,
      "AdditionalAttributes": {
        "sapdepartmentname": "BAKEHOUSE",
        "sapdepartmentno": "45",
        "sapcategoryname": "INSTORE BAKERY",
        "sapcategoryno": "56",
        "sapsubcategoryname": "ISB SNACK BREAD",
        "sapsubcategoryno": "849",
        "sapsegmentname": "ROLL",
        "sapsegmentno": "2",
        "specialsgroupid": null,
        "PiesProductDepartmentNodeId": "1_DEB537E",
        "PiesProductDepartmentsjson": "[{\"Id\":\"1_DEB537E\",\"Description\":\"Bakery\"}]",
        "piesdepartmentnamesjson": "[\"Bakery\"]",
        "piescategorynamesjson": "[\"In-Store Bakery\",\"Lunch Box\"]",
        "piessubcategorynamesjson": "[\"Bakery Snacks\",\"Bread Rolls\"]",
        "servingsize-total-nip": null,
        "servingsperpack-total-nip": null,
        "microwaveable": "False",
        "ovencook": "False",
        "vegetarian": "False",
        "freezable": "False",
        "containsnuts": "False",
        "containsgluten": "False",
        "description": "<p></p>",
        "ingredients": "Ingredients: Wheat Flour, Water, Sugar, CanolaOil, Wheat Gluten, Yeast, Iodised Salt, MaltedWheat Flour, Emulsifier (472e), Vitamins(Thiamin, Folate) Topping Options (Plain, SesameSeeds, Poppy Seeds)Contains: Gluten, Sesame SeedsMay contain traces of Egg, Milk, Peanuts,Tree Nuts, Sulphites",
        "nutritionalinformation": "{\"Name\":\"Nutritional Information\",\"Attributes\":[{\"Id\":705,\"Name\":\"Carbohydrate Quantity Per 100g - Total - NIP\",\"Value\":\"46.00g\",\"Description\":\"Carbohydrate Quantity Per 100g - Total - NIP\",\"SortOrder\":83},{\"Id\":706,\"Name\":\"Carbohydrate Quantity Per Serve - Total - NIP\",\"Value\":\"41.40g\",\"Description\":\"Carbohydrate Quantity Per Serve - Total - NIP\",\"SortOrder\":87},{\"Id\":759,\"Name\":\"Energy kJ Quantity Per 100g - Total - NIP\",\"Value\":\"1100.00kJ\",\"Description\":\"Energy kJ Quantity Per 100g - Total - NIP\",\"SortOrder\":239},{\"Id\":760,\"Name\":\"Energy kJ Quantity Per Serve - Total - NIP\",\"Value\":\"990.00kJ\",\"Description\":\"Energy kJ Quantity Per Serve - Total - NIP\",\"SortOrder\":243},{\"Id\":253,\"Name\":\"Fat Saturated Quantity Per 100g - Total - NIP\",\"Value\":\"0.50g\",\"Description\":\"Fat Saturated Quantity Per 100g - Total - NIP\",\"SortOrder\":251},{\"Id\":258,\"Name\":\"Fat Saturated Quantity Per Serve - Total - NIP\",\"Value\":\"0.40g\",\"Description\":\"Fat Saturated Quantity Per Serve - Total - NIP\",\"SortOrder\":255},{\"Id\":764,\"Name\":\"Fat Total Quantity Per 100g - Total - NIP\",\"Value\":\"3.50g\",\"Description\":\"Fat Total Quantity Per 100g - Total - NIP\",\"SortOrder\":263},{\"Id\":264,\"Name\":\"Fat Total Quantity Per Serve - Total - NIP\",\"Value\":\"3.20g\",\"Description\":\"Fat Total Quantity Per Serve - Total - NIP\",\"SortOrder\":267},{\"Id\":878,\"Name\":\"Protein Quantity Per 100g - Total - NIP\",\"Value\":\"9.70g\",\"Description\":\"Protein Quantity Per 100g - Total - NIP\",\"SortOrder\":587},{\"Id\":882,\"Name\":\"Protein Quantity Per Serve - Total - NIP\",\"Value\":\"8.70g\",\"Description\":\"Protein Quantity Per Serve - Total - NIP\",\"SortOrder\":591},{\"Id\":491,\"Name\":\"Sodium Quantity Per 100g - Total - NIP\",\"Value\":\"440.00mg\",\"Description\":\"Sodium Quantity Per 100g - Total - NIP\",\"SortOrder\":623},{\"Id\":495,\"Name\":\"Sodium Quantity Per Serve - Total - NIP\",\"Value\":\"396.00mg\",\"Description\":\"Sodium Quantity Per Serve - Total - NIP\",\"SortOrder\":627},{\"Id\":907,\"Name\":\"Sugars Quantity Per 100g - Prefix - NIP\",\"Value\":null,\"Description\":\"Sugars Quantity Per 100g - Prefix - NIP\",\"SortOrder\":645},{\"Id\":908,\"Name\":\"Sugars Quantity Per 100g - SuffixUnits - NIP\",\"Value\":\"g\",\"Description\":\"Sugars Quantity Per 100g - SuffixUnits - NIP\",\"SortOrder\":646},{\"Id\":909,\"Name\":\"Sugars Quantity Per 100g - Total - NIP\",\"Value\":\"18.10g\",\"Description\":\"Sugars Quantity Per 100g - Total - NIP\",\"SortOrder\":647},{\"Id\":910,\"Name\":\"Sugars Quantity Per 100g - ValueWord - NIP\",\"Value\":\"18.10\",\"Description\":\"Sugars Quantity Per 100g - ValueWord - NIP\",\"SortOrder\":648},{\"Id\":504,\"Name\":\"Sugars Quantity Per Serve - Prefix - NIP\",\"Value\":null,\"Description\":\"Sugars Quantity Per Serve - Prefix - NIP\",\"SortOrder\":649},{\"Id\":911,\"Name\":\"Sugars Quantity Per Serve - SuffixUnits - NIP\",\"Value\":\"g\",\"Description\":\"Sugars Quantity Per Serve - SuffixUnits - NIP\",\"SortOrder\":650},{\"Id\":912,\"Name\":\"Sugars Quantity Per Serve - Total - NIP\",\"Value\":\"16.30g\",\"Description\":\"Sugars Quantity Per Serve - Total - NIP\",\"SortOrder\":651},{\"Id\":572,\"Name\":\"Sugars Quantity Per Serve - ValueWord - NIP\",\"Value\":\"16.30\",\"Description\":\"Sugars Quantity Per Serve - ValueWord - NIP\",\"SortOrder\":652}]}",
        "storageinstructions": null,
        "usageinstructions": null,
        "brand": "bagels",
        "manufacturer": null,
        "countryoforigin": null,
        "productheightmm": null,
        "productwidthmm": null,
        "productdepthmm": null,
        "wool_productpackaging": null,
        "recyclableinformation": null,
        "importantinformation": null,
        "allergencontains": "Gluten, Sesame Seeds",
        "allergenmaybepresent": "Egg, Milk, Peanuts,Tree Nuts, Sulphites",
        "allergystatement": "Soy Free",
        "lifestyleanddietarystatement": null,
        "lifestyleclaim": null,
        "wool_dietaryclaim": null,
        "boxedcontents": null,
        "suitablefor": null,
        "fragrance": null,
        "colour": null,
        "antioxidant": "False",
        "addedvitaminsandminerals": "False",
        "bpafree": "False",
        "sulfatefree": "False",
        "parabenfree": "False",
        "claims": null,
        "alcoholfree": null,
        "anti-dandruff": null,
        "dermatologicallyapproved": null,
        "dermatologistrecommended": null,
        "dermatologisttested": null,
        "fragrance-free": null,
        "haircolour": null,
        "hairtype": null,
        "hypo-allergenic": null,
        "non-comedogenic": null,
        "oilfree": null,
        "ophthalmologistapproved": null,
        "ophthalmologisttested": null,
        "paba-free": null,
        "skincondition": null,
        "skintype": null,
        "soap-free": null,
        "spf": null,
        "sweatresistant": null,
        "timer": null,
        "waterresistant": null,
        "phbalanced": null,
        "antiseptic": "False",
        "antibacterial": "False",
        "activeconstituents": null,
        "contains": null,
        "microwavesafe": "False",
        "productimagecount": "3",
        "friendlydisclaimer": null,
        "productimages": "490879.jpg,490879_2.jpg,490879_1.jpg",
        "healthstarrating": "0"
      },
      "DetailsImagePaths": [
        "https://cdn0.woolworths.media/content/wowproductimages/large/490879.jpg",
        "https://cdn0.woolworths.media/content/wowproductimages/large/490879_1.jpg",
        "https://cdn0.woolworths.media/content/wowproductimages/large/490879_2.jpg"
      ],
      "Variety": "",
      "Rating": {
        "ReviewCount": 0,
        "RatingCount": 0,
        "OneStarCount": 0,
        "TwoStarCount": 0,
        "ThreeStarCount": 0,
        "FourStarCount": 0,
        "FiveStarCount": 0,
        "Average": 0,
        "OneStarPercentage": 0,
        "TwoStarPercentage": 0,
        "ThreeStarPercentage": 0,
        "FourStarPercentage": 0,
        "FiveStarPercentage": 0
      }
    },
    {
      "Stockcode": 645865,
      "Barcode": "9336047000545",
      "GtinFormat": 13,
      "CupPrice": 0.68,
      "InstoreCupPrice": 0.68,
      "CupMeasure": "1EA",
      "CupString": "$0.68 / 1EA",
      "InstoreCupString": "$0.68 / 1EA",
      "HasCupPrice": true,
      "InstoreHasCupPrice": true,
      "Price": 2.7,
      "InstorePrice": 2.7,
      "Name": "Bakery Du Jour Brioche Burger Buns",
      "UrlFriendlyName": "bakery-du-jour-brioche-burger-buns",
      "Description": " Bakery Du Jour Brioche<br>Burger Buns 4 pack",
      "SmallImageFile": "https://cdn0.woolworths.media/content/wowproductimages/small/645865.jpg",
      "MediumImageFile": "https://cdn0.woolworths.media/content/wowproductimages/medium/645865.jpg",
      "LargeImageFile": "https://cdn0.woolworths.media/content/wowproductimages/large/645865.jpg",
      "IsNew": false,
      "IsOnSpecial": false,
      "InstoreIsOnSpecial": false,
      "IsEdrSpecial": false,
      "SavingsAmount": 0,
      "InstoreSavingsAmount": 0,
      "WasPrice": 2.7,
      "InstoreWasPrice": 2.7,
      "QuantityInTrolley": 0,
      "Unit": "Each",
      "MinimumQuantity": 1,
      "HasBeenBoughtBefore": false,
      "IsInTrolley": false,
      "Source": "Aisle.Bakery",
      "SupplyLimit": 36,
      "IsRanged": false,
      "IsInStock": true,
      "PackageSize": "4 pack",
      "IsPmDelivery": false,
      "IsForCollection": true,
      "IsForDelivery": true,
      "IsForExpress": false,
      "ProductRestrictionMessage": null,
      "CentreTag": {
        "TagContent": null,
        "TagLink": null,
        "FallbackText": null,
        "TagType": "None"
      },
      "IsCentreTag": false,
      "ImageTag": {
        "TagContent": null,
        "TagLink": null,
        "FallbackText": "",
        "TagType": "None"
      },
      "HeaderTag": null,
      "HasHeaderTag": false,
      "UnitWeightInGrams": 200,
      "SupplyLimitMessage": "'Bakery Du Jour Brioche Burger Buns' has a supply limit of 36. The quantity in your cart has been reduced accordingly. To purchase a larger quantity, please contact us on 1800 000 610. Please note we do not supply trade orders.",
      "SmallFormatDescription": "Bakery Du Jour Brioche Burger Buns",
      "FullDescription": "Bakery Du Jour Brioche Burger Buns",
      "IsAvailable": true,
      "InstoreIsAvailable": true,
      "IsPurchasable": true,
      "InstoreIsPurchasable": true,
      "AgeRestricted": false,
      "DisplayQuantity": 1,
      "RichDescription": null,
      "IsDeliveryPass": false,
      "HideWasSavedPrice": false,
      "SapCategories": null,
      "Brand": "bakery du jour",
      "FooterTag": {
        "TagContent": null,
        "TagLink": null,
        "FallbackText": null,
        "TagType": "None"
      },
      "IsFooterEnabled": false,
      "Diagnostics": "62",
      "IsBundle": false,
      "ChildProducts": [],
      "UrlOverride": null,
      "AdditionalAttributes": {
        "sapdepartmentname": "PROPRIETARY BAKERY",
        "sapdepartmentno": "47",
        "sapcategoryname": "PROPRIETARY BAKERY",
        "sapcategoryno": "60",
        "sapsubcategoryname": "RESALE BAKERY SNACKS",
        "sapsubcategoryno": "949",
        "sapsegmentname": "BRIOCHE",
        "sapsegmentno": "8",
        "specialsgroupid": null,
        "PiesProductDepartmentNodeId": "1_DEB537E",
        "PiesProductDepartmentsjson": "[{\"Id\":\"1_DEB537E\",\"Description\":\"Bakery\"}]",
        "piesdepartmentnamesjson": "[\"Bakery\"]",
        "piescategorynamesjson": "[\"Packaged Bread & Bakery\"]",
        "piessubcategorynamesjson": "[\"Packaged Bread\",\"Rolls & Bagels\"]",
        "servingsize-total-nip": null,
        "servingsperpack-total-nip": null,
        "microwaveable": "False",
        "ovencook": "False",
        "vegetarian": "False",
        "freezable": "False",
        "containsnuts": "False",
        "containsgluten": "False",
        "description": null,
        "ingredients": null,
        "nutritionalinformation": "{\"Name\":\"Nutritional Information\",\"Attributes\":[{\"Id\":705,\"Name\":\"Carbohydrate Quantity Per 100g - Total - NIP\",\"Value\":\"44.7g\",\"Description\":\"Carbohydrate Quantity Per 100g - Total - NIP\",\"SortOrder\":83},{\"Id\":759,\"Name\":\"Energy kJ Quantity Per 100g - Total - NIP\",\"Value\":\"1060kJ\",\"Description\":\"Energy kJ Quantity Per 100g - Total - NIP\",\"SortOrder\":239},{\"Id\":253,\"Name\":\"Fat Saturated Quantity Per 100g - Total - NIP\",\"Value\":\"0.5g\",\"Description\":\"Fat Saturated Quantity Per 100g - Total - NIP\",\"SortOrder\":251},{\"Id\":764,\"Name\":\"Fat Total Quantity Per 100g - Total - NIP\",\"Value\":\"3g\",\"Description\":\"Fat Total Quantity Per 100g - Total - NIP\",\"SortOrder\":263},{\"Id\":878,\"Name\":\"Protein Quantity Per 100g - Total - NIP\",\"Value\":\"9.6g\",\"Description\":\"Protein Quantity Per 100g - Total - NIP\",\"SortOrder\":587},{\"Id\":491,\"Name\":\"Sodium Quantity Per 100g - Total - NIP\",\"Value\":\"551mg\",\"Description\":\"Sodium Quantity Per 100g - Total - NIP\",\"SortOrder\":623},{\"Id\":908,\"Name\":\"Sugars Quantity Per 100g - SuffixUnits - NIP\",\"Value\":\"g\",\"Description\":\"Sugars Quantity Per 100g - SuffixUnits - NIP\",\"SortOrder\":646},{\"Id\":909,\"Name\":\"Sugars Quantity Per 100g - Total - NIP\",\"Value\":\"3.7g\",\"Description\":\"Sugars Quantity Per 100g - Total - NIP\",\"SortOrder\":647},{\"Id\":910,\"Name\":\"Sugars Quantity Per 100g - ValueWord - NIP\",\"Value\":\"3.7\",\"Description\":\"Sugars Quantity Per 100g - ValueWord - NIP\",\"SortOrder\":648}]}",
        "storageinstructions": null,
        "usageinstructions": null,
        "brand": "bakery du jour",
        "manufacturer": null,
        "countryoforigin": null,
        "productheightmm": null,
        "productwidthmm": null,
        "productdepthmm": null,
        "wool_productpackaging": null,
        "recyclableinformation": null,
        "importantinformation": null,
        "allergencontains": null,
        "allergenmaybepresent": null,
        "allergystatement": null,
        "lifestyleanddietarystatement": null,
        "lifestyleclaim": null,
        "wool_dietaryclaim": null,
        "boxedcontents": null,
        "suitablefor": null,
        "fragrance": null,
        "colour": null,
        "antioxidant": "False",
        "addedvitaminsandminerals": "False",
        "bpafree": "False",
        "sulfatefree": "False",
        "parabenfree": "False",
        "claims": null,
        "alcoholfree": null,
        "anti-dandruff": null,
        "dermatologicallyapproved": null,
        "dermatologistrecommended": null,
        "dermatologisttested": null,
        "fragrance-free": null,
        "haircolour": null,
        "hairtype": null,
        "hypo-allergenic": null,
        "non-comedogenic": null,
        "oilfree": null,
        "ophthalmologistapproved": null,
        "ophthalmologisttested": null,
        "paba-free": null,
        "skincondition": null,
        "skintype": null,
        "soap-free": null,
        "spf": null,
        "sweatresistant": null,
        "timer": null,
        "waterresistant": null,
        "phbalanced": null,
        "antiseptic": "False",
        "antibacterial": "False",
        "activeconstituents": null,
        "contains": null,
        "microwavesafe": "False",
        "productimagecount": "1",
        "friendlydisclaimer": null,
        "productimages": "645865.jpg",
        "healthstarrating": "0"
      },
      "DetailsImagePaths": [
        "https://cdn0.woolworths.media/content/wowproductimages/large/645865.jpg"
      ],
      "Variety": "burger buns",
      "Rating": {
        "ReviewCount": 0,
        "RatingCount": 0,
        "OneStarCount": 0,
        "TwoStarCount": 0,
        "ThreeStarCount": 0,
        "FourStarCount": 0,
        "FiveStarCount": 0,
        "Average": 0,
        "OneStarPercentage": 0,
        "TwoStarPercentage": 0,
        "ThreeStarPercentage": 0,
        "FourStarPercentage": 0,
        "FiveStarPercentage": 0
      }
    },
    {
      "Stockcode": 600211,
      "Barcode": "9336047000538",
      "GtinFormat": 13,
      "CupPrice": 1.5,
      "InstoreCupPrice": 1.5,
      "CupMeasure": "100G",
      "CupString": "$1.50 / 100G",
      "InstoreCupString": "$1.50 / 100G",
      "HasCupPrice": true,
      "InstoreHasCupPrice": true,
      "Price": 2.7,
      "InstorePrice": 2.7,
      "Name": "Bakery Du Jour Brioche Slider Bun",
      "UrlFriendlyName": "bakery-du-jour-brioche-slider-bun",
      "Description": " Bakery Du Jour Brioche<br>Slider Bun 180g",
      "SmallImageFile": "https://cdn0.woolworths.media/content/wowproductimages/small/600211.jpg",
      "MediumImageFile": "https://cdn0.woolworths.media/content/wowproductimages/medium/600211.jpg",
      "LargeImageFile": "https://cdn0.woolworths.media/content/wowproductimages/large/600211.jpg",
      "IsNew": false,
      "IsOnSpecial": false,
      "InstoreIsOnSpecial": false,
      "IsEdrSpecial": false,
      "SavingsAmount": 0,
      "InstoreSavingsAmount": 0,
      "WasPrice": 2.7,
      "InstoreWasPrice": 2.7,
      "QuantityInTrolley": 0,
      "Unit": "Each",
      "MinimumQuantity": 1,
      "HasBeenBoughtBefore": false,
      "IsInTrolley": false,
      "Source": "Aisle.Bakery",
      "SupplyLimit": 36,
      "IsRanged": false,
      "IsInStock": true,
      "PackageSize": "180g",
      "IsPmDelivery": false,
      "IsForCollection": true,
      "IsForDelivery": true,
      "IsForExpress": false,
      "ProductRestrictionMessage": null,
      "CentreTag": {
        "TagContent": null,
        "TagLink": null,
        "FallbackText": null,
        "TagType": "None"
      },
      "IsCentreTag": false,
      "ImageTag": {
        "TagContent": null,
        "TagLink": null,
        "FallbackText": "",
        "TagType": "None"
      },
      "HeaderTag": {
        "BackgroundColor": "#c20016",
        "BorderColor": "#c20016",
        "TextColor": "#fff",
        "Content": "Low price <span class=\"u-semibold\">always</span>",
        "TagLink": null,
        "Promotion": "LowPrice"
      },
      "HasHeaderTag": true,
      "UnitWeightInGrams": 180,
      "SupplyLimitMessage": "'Bakery Du Jour Brioche Slider Bun' has a supply limit of 36. The quantity in your cart has been reduced accordingly. To purchase a larger quantity, please contact us on 1800 000 610. Please note we do not supply trade orders.",
      "SmallFormatDescription": "Bakery Du Jour Brioche Slider Bun",
      "FullDescription": "Bakery Du Jour Brioche Slider Bun",
      "IsAvailable": true,
      "InstoreIsAvailable": true,
      "IsPurchasable": true,
      "InstoreIsPurchasable": true,
      "AgeRestricted": false,
      "DisplayQuantity": 1,
      "RichDescription": "<p>Inspired by France.</p><p>Perfected in Australia.</p><p> </p>",
      "IsDeliveryPass": false,
      "HideWasSavedPrice": false,
      "SapCategories": null,
      "Brand": "bakery du jour",
      "FooterTag": {
        "TagContent": "<div class=\"productTag-lowerpricealways\" style=\"\r\nheight:46px;\r\nposition:absolute;\r\ntop:-2px;\r\nleft:0;\r\nwidth:100%;\r\nbackground:#c20016;\r\ntext-align:center;\r\n\">\r\n<img src=\"https://wowpmediaaae.azureedge.net/content/content/lpa_footer_img2.png\" width=\"166px\" height=\"13px\" alt=\"Lower Price Always\" style=\"display:inline-block; margin-top:15px;\">\r\n</div>\r\n<style>\r\n.cardViewCompact wow-shelf-product:not(.override-global-size) .card:not(.is-smallFormat).shelfProductStamp .productTag-lowerpricealways img{\r\n                max-width: 90%;\r\n}\r\n</style>",
        "TagLink": null,
        "FallbackText": null,
        "TagType": "Html"
      },
      "IsFooterEnabled": true,
      "Diagnostics": "63",
      "IsBundle": false,
      "ChildProducts": [],
      "UrlOverride": null,
      "AdditionalAttributes": {
        "sapdepartmentname": "PROPRIETARY BAKERY",
        "sapdepartmentno": "47",
        "sapcategoryname": "PROPRIETARY BAKERY",
        "sapcategoryno": "60",
        "sapsubcategoryname": "RESALE BAKERY SNACKS",
        "sapsubcategoryno": "949",
        "sapsegmentname": "BRIOCHE",
        "sapsegmentno": "8",
        "specialsgroupid": "1453",
        "PiesProductDepartmentNodeId": "1_DEB537E",
        "PiesProductDepartmentsjson": "[{\"Id\":\"1_DEB537E\",\"Description\":\"Bakery\"}]",
        "piesdepartmentnamesjson": "[\"Bakery\"]",
        "piescategorynamesjson": "[\"Packaged Bread & Bakery\"]",
        "piessubcategorynamesjson": "[\"Packaged Bread\",\"Rolls & Bagels\"]",
        "servingsize-total-nip": null,
        "servingsperpack-total-nip": null,
        "microwaveable": "False",
        "ovencook": "False",
        "vegetarian": "False",
        "freezable": "False",
        "containsnuts": "False",
        "containsgluten": "False",
        "description": "<p>Inspired by France.</p><p>Perfected in Australia.</p><p> </p>",
        "ingredients": "Wheat Flour (Thiamine, Folic Acid), Water, Sugar, Butter (Milk), Egg, Canola Oil, Improver (Wheat Flour, Stabiliser (170), Emulsifiers (472, 471), Thickeners (412, 415)), Cultured Wheat Flour, Vinegar, Yeast, Gluten, Buttermilk Powder, Emulsifiers (322 Soy, 471), Acidity Regulators (260, 262), Iodised Salt, Natural Vanilla Flavour, Natural Colour (100).",
        "nutritionalinformation": "{\"Name\":\"Nutritional Information\",\"Attributes\":[{\"Id\":705,\"Name\":\"Carbohydrate Quantity Per 100g - Total - NIP\",\"Value\":\"44.7g\",\"Description\":\"Carbohydrate Quantity Per 100g - Total - NIP\",\"SortOrder\":83},{\"Id\":759,\"Name\":\"Energy kJ Quantity Per 100g - Total - NIP\",\"Value\":\"1060kJ\",\"Description\":\"Energy kJ Quantity Per 100g - Total - NIP\",\"SortOrder\":239},{\"Id\":253,\"Name\":\"Fat Saturated Quantity Per 100g - Total - NIP\",\"Value\":\"0.5g\",\"Description\":\"Fat Saturated Quantity Per 100g - Total - NIP\",\"SortOrder\":251},{\"Id\":764,\"Name\":\"Fat Total Quantity Per 100g - Total - NIP\",\"Value\":\"3g\",\"Description\":\"Fat Total Quantity Per 100g - Total - NIP\",\"SortOrder\":263},{\"Id\":878,\"Name\":\"Protein Quantity Per 100g - Total - NIP\",\"Value\":\"9.6g\",\"Description\":\"Protein Quantity Per 100g - Total - NIP\",\"SortOrder\":587},{\"Id\":491,\"Name\":\"Sodium Quantity Per 100g - Total - NIP\",\"Value\":\"551mg\",\"Description\":\"Sodium Quantity Per 100g - Total - NIP\",\"SortOrder\":623},{\"Id\":908,\"Name\":\"Sugars Quantity Per 100g - SuffixUnits - NIP\",\"Value\":\"g\",\"Description\":\"Sugars Quantity Per 100g - SuffixUnits - NIP\",\"SortOrder\":646},{\"Id\":909,\"Name\":\"Sugars Quantity Per 100g - Total - NIP\",\"Value\":\"3.7g\",\"Description\":\"Sugars Quantity Per 100g - Total - NIP\",\"SortOrder\":647},{\"Id\":910,\"Name\":\"Sugars Quantity Per 100g - ValueWord - NIP\",\"Value\":\"3.7\",\"Description\":\"Sugars Quantity Per 100g - ValueWord - NIP\",\"SortOrder\":648}]}",
        "storageinstructions": null,
        "usageinstructions": null,
        "brand": "bakery du jour ",
        "manufacturer": null,
        "countryoforigin": null,
        "productheightmm": null,
        "productwidthmm": null,
        "productdepthmm": null,
        "wool_productpackaging": null,
        "recyclableinformation": null,
        "importantinformation": null,
        "allergencontains": "Egg, Gluten, Milk, Soy",
        "allergenmaybepresent": "Peanuts, Sesame, Tree Nuts",
        "allergystatement": "No Peanuts",
        "lifestyleanddietarystatement": null,
        "lifestyleclaim": null,
        "wool_dietaryclaim": null,
        "boxedcontents": null,
        "suitablefor": null,
        "fragrance": null,
        "colour": null,
        "antioxidant": "False",
        "addedvitaminsandminerals": "False",
        "bpafree": "False",
        "sulfatefree": "False",
        "parabenfree": "False",
        "claims": null,
        "alcoholfree": null,
        "anti-dandruff": null,
        "dermatologicallyapproved": null,
        "dermatologistrecommended": null,
        "dermatologisttested": null,
        "fragrance-free": null,
        "haircolour": null,
        "hairtype": null,
        "hypo-allergenic": null,
        "non-comedogenic": null,
        "oilfree": null,
        "ophthalmologistapproved": null,
        "ophthalmologisttested": null,
        "paba-free": null,
        "skincondition": null,
        "skintype": null,
        "soap-free": null,
        "spf": null,
        "sweatresistant": null,
        "timer": null,
        "waterresistant": null,
        "phbalanced": null,
        "antiseptic": "False",
        "antibacterial": "False",
        "activeconstituents": null,
        "contains": null,
        "microwavesafe": "False",
        "productimagecount": "2",
        "friendlydisclaimer": null,
        "productimages": "600211.jpg,600211_2.jpg",
        "healthstarrating": "0"
      },
      "DetailsImagePaths": [
        "https://cdn0.woolworths.media/content/wowproductimages/large/600211.jpg",
        "https://cdn0.woolworths.media/content/wowproductimages/large/600211_2.jpg"
      ],
      "Variety": "bun",
      "Rating": {
        "ReviewCount": 0,
        "RatingCount": 0,
        "OneStarCount": 0,
        "TwoStarCount": 0,
        "ThreeStarCount": 0,
        "FourStarCount": 0,
        "FiveStarCount": 0,
        "Average": 0,
        "OneStarPercentage": 0,
        "TwoStarPercentage": 0,
        "ThreeStarPercentage": 0,
        "FourStarPercentage": 0,
        "FiveStarPercentage": 0
      }
    },
    {
      "Stockcode": 168703,
      "Barcode": "8001585001224",
      "GtinFormat": 13,
      "CupPrice": 1.07,
      "InstoreCupPrice": 1.07,
      "CupMeasure": "100G",
      "CupString": "$1.07 / 100G",
      "InstoreCupString": "$1.07 / 100G",
      "HasCupPrice": true,
      "InstoreHasCupPrice": true,
      "Price": 3,
      "InstorePrice": 3,
      "Name": "Balconi Trancetto Cocoa",
      "UrlFriendlyName": "balconi-trancetto-cocoa",
      "Description": " Balconi Trancetto Cocoa 10 pack",
      "SmallImageFile": "https://cdn0.woolworths.media/content/wowproductimages/small/168703.jpg",
      "MediumImageFile": "https://cdn0.woolworths.media/content/wowproductimages/medium/168703.jpg",
      "LargeImageFile": "https://cdn0.woolworths.media/content/wowproductimages/large/168703.jpg",
      "IsNew": false,
      "IsOnSpecial": true,
      "InstoreIsOnSpecial": true,
      "IsEdrSpecial": false,
      "SavingsAmount": 1,
      "InstoreSavingsAmount": 1,
      "WasPrice": 4,
      "InstoreWasPrice": 4,
      "QuantityInTrolley": 0,
      "Unit": "Each",
      "MinimumQuantity": 1,
      "HasBeenBoughtBefore": false,
      "IsInTrolley": false,
      "Source": "Aisle.Bakery",
      "SupplyLimit": 36,
      "IsRanged": false,
      "IsInStock": true,
      "PackageSize": "10 pack",
      "IsPmDelivery": false,
      "IsForCollection": true,
      "IsForDelivery": true,
      "IsForExpress": false,
      "ProductRestrictionMessage": null,
      "CentreTag": {
        "TagContent": null,
        "TagLink": null,
        "FallbackText": null,
        "TagType": "None"
      },
      "IsCentreTag": false,
      "ImageTag": {
        "TagContent": "/content/promotiontags/roundel-special-200x200.png",
        "TagLink": "",
        "FallbackText": "On Special",
        "TagType": "None"
      },
      "HeaderTag": {
        "BackgroundColor": "#fd0",
        "BorderColor": "#fd0",
        "TextColor": "#000",
        "Content": "Save $1.00",
        "TagLink": null,
        "Promotion": "Special"
      },
      "HasHeaderTag": true,
      "UnitWeightInGrams": 280,
      "SupplyLimitMessage": "'Balconi Trancetto Cocoa' has a supply limit of 36. The quantity in your cart has been reduced accordingly. To purchase a larger quantity, please contact us on 1800 000 610. Please note we do not supply trade orders.",
      "SmallFormatDescription": "Balconi Trancetto Cocoa",
      "FullDescription": "Balconi Trancetto Cocoa",
      "IsAvailable": true,
      "InstoreIsAvailable": true,
      "IsPurchasable": true,
      "InstoreIsPurchasable": true,
      "AgeRestricted": false,
      "DisplayQuantity": 1,
      "RichDescription": "Balconi Trancetto Cocoa Snack Cakes with a fat-reduced cocoa filling.",
      "IsDeliveryPass": false,
      "HideWasSavedPrice": false,
      "SapCategories": null,
      "Brand": "balconi",
      "FooterTag": {
        "TagContent": null,
        "TagLink": null,
        "FallbackText": null,
        "TagType": "None"
      },
      "IsFooterEnabled": false,
      "Diagnostics": "64",
      "IsBundle": false,
      "ChildProducts": [],
      "UrlOverride": null,
      "AdditionalAttributes": {
        "sapdepartmentname": "PROPRIETARY BAKERY",
        "sapdepartmentno": "47",
        "sapcategoryname": "PROPRIETARY BAKERY",
        "sapcategoryno": "60",
        "sapsubcategoryname": "RESALE CAKE",
        "sapsubcategoryno": "954",
        "sapsegmentname": "INTERNATIONAL",
        "sapsegmentno": "25",
        "specialsgroupid": null,
        "PiesProductDepartmentNodeId": "1_DEB537E",
        "PiesProductDepartmentsjson": "[{\"Id\":\"1_DEB537E\",\"Description\":\"Bakery\"}]",
        "piesdepartmentnamesjson": "[\"Bakery\"]",
        "piescategorynamesjson": "[\"Lunch Box\",\"Packaged Bread & Bakery\"]",
        "piessubcategorynamesjson": "[\"Cakes\",\"Bakery Snacks\"]",
        "servingsize-total-nip": null,
        "servingsperpack-total-nip": null,
        "microwaveable": "False",
        "ovencook": "False",
        "vegetarian": "False",
        "freezable": "False",
        "containsnuts": "False",
        "containsgluten": "False",
        "description": "Balconi Trancetto Cocoa Snack Cakes with a fat-reduced cocoa filling.",
        "ingredients": "Sugar, Wheat Flour (20%), Eggs (17%), Vegetable Fats (Palm, Sunflower in varying proportions), Glucose-Fructose Syrup, Reconstituted Skimmed Milk (8%), Fat-Reduced Cocoa Powder (2.8%), Skimmed Milk Powder, Milk Proteins, Wheat Fibre, Hazelnut Paste, Flavourings, Emulsifiers: Mono- and Diglycerides of Fatty Acids, Soya Lecithins, Raising Agents: Ammonium Carbonates, Sodium Carbonates, Diphosphates, Salt",
        "nutritionalinformation": "{\"Name\":\"Nutritional Information\",\"Attributes\":[{\"Id\":705,\"Name\":\"Carbohydrate Quantity Per 100g - Total - NIP\",\"Value\":\"14.5g\",\"Description\":\"Carbohydrate Quantity Per 100g - Total - NIP\",\"SortOrder\":83},{\"Id\":706,\"Name\":\"Carbohydrate Quantity Per Serve - Total - NIP\",\"Value\":\"51.9g\",\"Description\":\"Carbohydrate Quantity Per Serve - Total - NIP\",\"SortOrder\":87},{\"Id\":759,\"Name\":\"Energy kJ Quantity Per 100g - Total - NIP\",\"Value\":\"459kJ\",\"Description\":\"Energy kJ Quantity Per 100g - Total - NIP\",\"SortOrder\":239},{\"Id\":760,\"Name\":\"Energy kJ Quantity Per Serve - Total - NIP\",\"Value\":\"1638kJ\",\"Description\":\"Energy kJ Quantity Per Serve - Total - NIP\",\"SortOrder\":243},{\"Id\":253,\"Name\":\"Fat Saturated Quantity Per 100g - Total - NIP\",\"Value\":\"2.6g\",\"Description\":\"Fat Saturated Quantity Per 100g - Total - NIP\",\"SortOrder\":251},{\"Id\":258,\"Name\":\"Fat Saturated Quantity Per Serve - Total - NIP\",\"Value\":\"9.1g\",\"Description\":\"Fat Saturated Quantity Per Serve - Total - NIP\",\"SortOrder\":255},{\"Id\":764,\"Name\":\"Fat Total Quantity Per 100g - Total - NIP\",\"Value\":\"5.0g\",\"Description\":\"Fat Total Quantity Per 100g - Total - NIP\",\"SortOrder\":263},{\"Id\":264,\"Name\":\"Fat Total Quantity Per Serve - Total - NIP\",\"Value\":\"17.7g\",\"Description\":\"Fat Total Quantity Per Serve - Total - NIP\",\"SortOrder\":267},{\"Id\":878,\"Name\":\"Protein Quantity Per 100g - Total - NIP\",\"Value\":\"1.5g\",\"Description\":\"Protein Quantity Per 100g - Total - NIP\",\"SortOrder\":587},{\"Id\":882,\"Name\":\"Protein Quantity Per Serve - Total - NIP\",\"Value\":\"5.2g\",\"Description\":\"Protein Quantity Per Serve - Total - NIP\",\"SortOrder\":591},{\"Id\":544,\"Name\":\"Servings Per Pack - Total - NIP\",\"Value\":\"10\",\"Description\":\"Servings Per Pack - Total - NIP\",\"SortOrder\":611},{\"Id\":907,\"Name\":\"Sugars Quantity Per 100g - Prefix - NIP\",\"Value\":\"\",\"Description\":\"Sugars Quantity Per 100g - Prefix - NIP\",\"SortOrder\":645},{\"Id\":908,\"Name\":\"Sugars Quantity Per 100g - SuffixUnits - NIP\",\"Value\":\"g\",\"Description\":\"Sugars Quantity Per 100g - SuffixUnits - NIP\",\"SortOrder\":646},{\"Id\":909,\"Name\":\"Sugars Quantity Per 100g - Total - NIP\",\"Value\":\"9.3g\",\"Description\":\"Sugars Quantity Per 100g - Total - NIP\",\"SortOrder\":647},{\"Id\":910,\"Name\":\"Sugars Quantity Per 100g - ValueWord - NIP\",\"Value\":\"9.3\",\"Description\":\"Sugars Quantity Per 100g - ValueWord - NIP\",\"SortOrder\":648},{\"Id\":504,\"Name\":\"Sugars Quantity Per Serve - Prefix - NIP\",\"Value\":\"\",\"Description\":\"Sugars Quantity Per Serve - Prefix - NIP\",\"SortOrder\":649},{\"Id\":911,\"Name\":\"Sugars Quantity Per Serve - SuffixUnits - NIP\",\"Value\":\"g\",\"Description\":\"Sugars Quantity Per Serve - SuffixUnits - NIP\",\"SortOrder\":650},{\"Id\":912,\"Name\":\"Sugars Quantity Per Serve - Total - NIP\",\"Value\":\"33.1g\",\"Description\":\"Sugars Quantity Per Serve - Total - NIP\",\"SortOrder\":651},{\"Id\":572,\"Name\":\"Sugars Quantity Per Serve - ValueWord - NIP\",\"Value\":\"33.1\",\"Description\":\"Sugars Quantity Per Serve - ValueWord - NIP\",\"SortOrder\":652}]}",
        "storageinstructions": null,
        "usageinstructions": null,
        "brand": "balconi",
        "manufacturer": null,
        "countryoforigin": null,
        "productheightmm": null,
        "productwidthmm": null,
        "productdepthmm": null,
        "wool_productpackaging": null,
        "recyclableinformation": null,
        "importantinformation": null,
        "allergencontains": "Egg, Wheat, Milk, Soy, Hazelnuts",
        "allergenmaybepresent": "Tree Nuts",
        "allergystatement": "Shellfish Free",
        "lifestyleanddietarystatement": "Kosher",
        "lifestyleclaim": "Kosher, Vegetarian",
        "wool_dietaryclaim": "Free from artificial colour. Free from preservatives",
        "boxedcontents": null,
        "suitablefor": null,
        "fragrance": null,
        "colour": null,
        "antioxidant": "False",
        "addedvitaminsandminerals": "False",
        "bpafree": "False",
        "sulfatefree": "False",
        "parabenfree": "False",
        "claims": null,
        "alcoholfree": null,
        "anti-dandruff": null,
        "dermatologicallyapproved": null,
        "dermatologistrecommended": null,
        "dermatologisttested": null,
        "fragrance-free": null,
        "haircolour": null,
        "hairtype": null,
        "hypo-allergenic": null,
        "non-comedogenic": null,
        "oilfree": null,
        "ophthalmologistapproved": null,
        "ophthalmologisttested": null,
        "paba-free": null,
        "skincondition": null,
        "skintype": null,
        "soap-free": null,
        "spf": null,
        "sweatresistant": null,
        "timer": null,
        "waterresistant": null,
        "phbalanced": null,
        "antiseptic": "False",
        "antibacterial": "False",
        "activeconstituents": null,
        "contains": null,
        "microwavesafe": "False",
        "productimagecount": "1",
        "friendlydisclaimer": null,
        "productimages": "168703.jpg",
        "healthstarrating": "0"
      },
      "DetailsImagePaths": [
        "https://cdn0.woolworths.media/content/wowproductimages/large/168703.jpg"
      ],
      "Variety": "cocoa",
      "Rating": {
        "ReviewCount": 0,
        "RatingCount": 0,
        "OneStarCount": 0,
        "TwoStarCount": 0,
        "ThreeStarCount": 0,
        "FourStarCount": 0,
        "FiveStarCount": 0,
        "Average": 0,
        "OneStarPercentage": 0,
        "TwoStarPercentage": 0,
        "ThreeStarPercentage": 0,
        "FourStarPercentage": 0,
        "FiveStarPercentage": 0
      }
    },
    {
      "Stockcode": 88602,
      "Barcode": "8001585001040",
      "GtinFormat": 13,
      "CupPrice": 1.57,
      "InstoreCupPrice": 1.57,
      "CupMeasure": "100G",
      "CupString": "$1.57 / 100G",
      "InstoreCupString": "$1.57 / 100G",
      "HasCupPrice": true,
      "InstoreHasCupPrice": true,
      "Price": 5.5,
      "InstorePrice": 5.5,
      "Name": "Balconi Mix Max Spgnckes Cocoa ",
      "UrlFriendlyName": "balconi-mix-max-spgnckes-cocoa",
      "Description": " Balconi Mix Max Spgnckes<br>Cocoa  10pk",
      "SmallImageFile": "https://cdn0.woolworths.media/content/wowproductimages/small/088602.jpg",
      "MediumImageFile": "https://cdn0.woolworths.media/content/wowproductimages/medium/088602.jpg",
      "LargeImageFile": "https://cdn0.woolworths.media/content/wowproductimages/large/088602.jpg",
      "IsNew": false,
      "IsOnSpecial": false,
      "InstoreIsOnSpecial": false,
      "IsEdrSpecial": false,
      "SavingsAmount": 0,
      "InstoreSavingsAmount": 0,
      "WasPrice": 5.5,
      "InstoreWasPrice": 5.5,
      "QuantityInTrolley": 0,
      "Unit": "Each",
      "MinimumQuantity": 1,
      "HasBeenBoughtBefore": false,
      "IsInTrolley": false,
      "Source": "Aisle.Bakery",
      "SupplyLimit": 36,
      "IsRanged": false,
      "IsInStock": true,
      "PackageSize": "10pk",
      "IsPmDelivery": false,
      "IsForCollection": true,
      "IsForDelivery": true,
      "IsForExpress": false,
      "ProductRestrictionMessage": null,
      "CentreTag": {
        "TagContent": null,
        "TagLink": null,
        "FallbackText": null,
        "TagType": "None"
      },
      "IsCentreTag": false,
      "ImageTag": {
        "TagContent": null,
        "TagLink": null,
        "FallbackText": "",
        "TagType": "None"
      },
      "HeaderTag": null,
      "HasHeaderTag": false,
      "UnitWeightInGrams": 350,
      "SupplyLimitMessage": "'Balconi Mix Max Spgnckes Cocoa ' has a supply limit of 36. The quantity in your cart has been reduced accordingly. To purchase a larger quantity, please contact us on 1800 000 610. Please note we do not supply trade orders.",
      "SmallFormatDescription": "Balconi Mix Max Spgnckes Cocoa ",
      "FullDescription": "Balconi Mix Max Spgnckes Cocoa ",
      "IsAvailable": true,
      "InstoreIsAvailable": true,
      "IsPurchasable": true,
      "InstoreIsPurchasable": true,
      "AgeRestricted": false,
      "DisplayQuantity": 1,
      "RichDescription": null,
      "IsDeliveryPass": false,
      "HideWasSavedPrice": false,
      "SapCategories": null,
      "Brand": "balconi",
      "FooterTag": {
        "TagContent": null,
        "TagLink": null,
        "FallbackText": null,
        "TagType": "None"
      },
      "IsFooterEnabled": false,
      "Diagnostics": "65",
      "IsBundle": false,
      "ChildProducts": [],
      "UrlOverride": null,
      "AdditionalAttributes": {
        "sapdepartmentname": "PROPRIETARY BAKERY",
        "sapdepartmentno": "47",
        "sapcategoryname": "PROPRIETARY BAKERY",
        "sapcategoryno": "60",
        "sapsubcategoryname": "RESALE CAKE",
        "sapsubcategoryno": "954",
        "sapsegmentname": "INTERNATIONAL",
        "sapsegmentno": "25",
        "specialsgroupid": null,
        "PiesProductDepartmentNodeId": "1_DEB537E",
        "PiesProductDepartmentsjson": "[{\"Id\":\"1_DEB537E\",\"Description\":\"Bakery\"}]",
        "piesdepartmentnamesjson": "[\"Bakery\"]",
        "piescategorynamesjson": "[\"Lunch Box\",\"Packaged Bread & Bakery\"]",
        "piessubcategorynamesjson": "[\"Cakes\",\"Bakery Snacks\"]",
        "servingsize-total-nip": null,
        "servingsperpack-total-nip": null,
        "microwaveable": "False",
        "ovencook": "False",
        "vegetarian": "False",
        "freezable": "False",
        "containsnuts": "False",
        "containsgluten": "False",
        "description": null,
        "ingredients": "Sugar, Vegetable Fats (Palm, Palm Kernel, Coconut in varying proportions), Glucose-Fructose Syrup, Wheat Flour (11.4%), Eggs, Reconstituted Skimmed Milk (9.3%), Milk Powder, Fat-Reduced Cocoa Powder (3.3%), Skimmed Milk Powder, Milk Proteins, Wheat Fibre, Hazelnut Paste, Flavourings, Emulsifiers: Mono- and Diglycerides of Fatty Acids, Soya Lecithin, Rasing Agents: Ammonium Carbonates, Sodium Carbonates, Diphosphates, Salt",
        "nutritionalinformation": "{\"Name\":\"Nutritional Information\",\"Attributes\":[{\"Id\":705,\"Name\":\"Carbohydrate Quantity Per 100g - Total - NIP\",\"Value\":\"46.1g\",\"Description\":\"Carbohydrate Quantity Per 100g - Total - NIP\",\"SortOrder\":83},{\"Id\":759,\"Name\":\"Energy kJ Quantity Per 100g - Total - NIP\",\"Value\":\"1335kJ\",\"Description\":\"Energy kJ Quantity Per 100g - Total - NIP\",\"SortOrder\":239},{\"Id\":253,\"Name\":\"Fat Saturated Quantity Per 100g - Total - NIP\",\"Value\":\"8.46g\",\"Description\":\"Fat Saturated Quantity Per 100g - Total - NIP\",\"SortOrder\":251},{\"Id\":764,\"Name\":\"Fat Total Quantity Per 100g - Total - NIP\",\"Value\":\"13g\",\"Description\":\"Fat Total Quantity Per 100g - Total - NIP\",\"SortOrder\":263},{\"Id\":878,\"Name\":\"Protein Quantity Per 100g - Total - NIP\",\"Value\":\"5.3g\",\"Description\":\"Protein Quantity Per 100g - Total - NIP\",\"SortOrder\":587},{\"Id\":544,\"Name\":\"Servings Per Pack - Total - NIP\",\"Value\":\"10\",\"Description\":\"Servings Per Pack - Total - NIP\",\"SortOrder\":611},{\"Id\":491,\"Name\":\"Sodium Quantity Per 100g - Total - NIP\",\"Value\":\"202mg\",\"Description\":\"Sodium Quantity Per 100g - Total - NIP\",\"SortOrder\":623},{\"Id\":908,\"Name\":\"Sugars Quantity Per 100g - SuffixUnits - NIP\",\"Value\":\"g\",\"Description\":\"Sugars Quantity Per 100g - SuffixUnits - NIP\",\"SortOrder\":646},{\"Id\":909,\"Name\":\"Sugars Quantity Per 100g - Total - NIP\",\"Value\":\"30.9g\",\"Description\":\"Sugars Quantity Per 100g - Total - NIP\",\"SortOrder\":647},{\"Id\":910,\"Name\":\"Sugars Quantity Per 100g - ValueWord - NIP\",\"Value\":\"30.9\",\"Description\":\"Sugars Quantity Per 100g - ValueWord - NIP\",\"SortOrder\":648}]}",
        "storageinstructions": null,
        "usageinstructions": null,
        "brand": "balconi ",
        "manufacturer": null,
        "countryoforigin": null,
        "productheightmm": null,
        "productwidthmm": null,
        "productdepthmm": null,
        "wool_productpackaging": null,
        "recyclableinformation": null,
        "importantinformation": null,
        "allergencontains": "Egg, Wheat, Milk",
        "allergenmaybepresent": "Tree Nuts",
        "allergystatement": "Sulphite Free",
        "lifestyleanddietarystatement": "Kosher",
        "lifestyleclaim": "Kosher, Vegetarian",
        "wool_dietaryclaim": "Free from artificial colour. Free from preservatives",
        "boxedcontents": null,
        "suitablefor": null,
        "fragrance": null,
        "colour": null,
        "antioxidant": "False",
        "addedvitaminsandminerals": "False",
        "bpafree": "False",
        "sulfatefree": "False",
        "parabenfree": "False",
        "claims": null,
        "alcoholfree": null,
        "anti-dandruff": null,
        "dermatologicallyapproved": null,
        "dermatologistrecommended": null,
        "dermatologisttested": null,
        "fragrance-free": null,
        "haircolour": null,
        "hairtype": null,
        "hypo-allergenic": null,
        "non-comedogenic": null,
        "oilfree": null,
        "ophthalmologistapproved": null,
        "ophthalmologisttested": null,
        "paba-free": null,
        "skincondition": null,
        "skintype": null,
        "soap-free": null,
        "spf": null,
        "sweatresistant": null,
        "timer": null,
        "waterresistant": null,
        "phbalanced": null,
        "antiseptic": "False",
        "antibacterial": "False",
        "activeconstituents": null,
        "contains": null,
        "microwavesafe": "False",
        "productimagecount": "1",
        "friendlydisclaimer": null,
        "productimages": "88602.jpg",
        "healthstarrating": "0"
      },
      "DetailsImagePaths": [
        "https://cdn0.woolworths.media/content/wowproductimages/large/088602.jpg"
      ],
      "Variety": null,
      "Rating": {
        "ReviewCount": 0,
        "RatingCount": 0,
        "OneStarCount": 0,
        "TwoStarCount": 0,
        "ThreeStarCount": 0,
        "FourStarCount": 0,
        "FiveStarCount": 0,
        "Average": 0,
        "OneStarPercentage": 0,
        "TwoStarPercentage": 0,
        "ThreeStarPercentage": 0,
        "FourStarPercentage": 0,
        "FiveStarPercentage": 0
      }
    },
    {
      "Stockcode": 804024,
      "Barcode": "9350007009775",
      "GtinFormat": 13,
      "CupPrice": 4.17,
      "InstoreCupPrice": 4.17,
      "CupMeasure": "100G",
      "CupString": "$4.17 / 100G",
      "InstoreCupString": "$4.17 / 100G",
      "HasCupPrice": true,
      "InstoreHasCupPrice": true,
      "Price": 5.5,
      "InstorePrice": 5.5,
      "Name": "Bare Bakers Gluten Free Brownie Bites",
      "UrlFriendlyName": "bare-bakers-gluten-free-brownie-bites",
      "Description": " Bare Bakers Gluten Free<br>Brownie Bites 132g",
      "SmallImageFile": "https://cdn0.woolworths.media/content/wowproductimages/small/804024.jpg",
      "MediumImageFile": "https://cdn0.woolworths.media/content/wowproductimages/medium/804024.jpg",
      "LargeImageFile": "https://cdn0.woolworths.media/content/wowproductimages/large/804024.jpg",
      "IsNew": false,
      "IsOnSpecial": false,
      "InstoreIsOnSpecial": false,
      "IsEdrSpecial": false,
      "SavingsAmount": 0,
      "InstoreSavingsAmount": 0,
      "WasPrice": 5.5,
      "InstoreWasPrice": 5.5,
      "QuantityInTrolley": 0,
      "Unit": "Each",
      "MinimumQuantity": 1,
      "HasBeenBoughtBefore": false,
      "IsInTrolley": false,
      "Source": "Aisle.Bakery",
      "SupplyLimit": 36,
      "IsRanged": false,
      "IsInStock": true,
      "PackageSize": "132g",
      "IsPmDelivery": false,
      "IsForCollection": true,
      "IsForDelivery": true,
      "IsForExpress": false,
      "ProductRestrictionMessage": null,
      "CentreTag": {
        "TagContent": null,
        "TagLink": null,
        "FallbackText": null,
        "TagType": "None"
      },
      "IsCentreTag": false,
      "ImageTag": {
        "TagContent": null,
        "TagLink": null,
        "FallbackText": "",
        "TagType": "None"
      },
      "HeaderTag": null,
      "HasHeaderTag": false,
      "UnitWeightInGrams": 162,
      "SupplyLimitMessage": "'Bare Bakers Gluten Free Brownie Bites' has a supply limit of 36. The quantity in your cart has been reduced accordingly. To purchase a larger quantity, please contact us on 1800 000 610. Please note we do not supply trade orders.",
      "SmallFormatDescription": "Bare Bakers Gluten Free Brownie Bites",
      "FullDescription": "Bare Bakers Gluten Free Brownie Bites",
      "IsAvailable": true,
      "InstoreIsAvailable": true,
      "IsPurchasable": true,
      "InstoreIsPurchasable": true,
      "AgeRestricted": false,
      "DisplayQuantity": 1,
      "RichDescription": null,
      "IsDeliveryPass": false,
      "HideWasSavedPrice": false,
      "SapCategories": null,
      "Brand": "bare bakers",
      "FooterTag": {
        "TagContent": null,
        "TagLink": null,
        "FallbackText": null,
        "TagType": "None"
      },
      "IsFooterEnabled": false,
      "Diagnostics": "66",
      "IsBundle": false,
      "ChildProducts": [],
      "UrlOverride": null,
      "AdditionalAttributes": {
        "sapdepartmentname": "PROPRIETARY BAKERY",
        "sapdepartmentno": "47",
        "sapcategoryname": "PROPRIETARY BAKERY",
        "sapcategoryno": "60",
        "sapsubcategoryname": "RESALE CAKE",
        "sapsubcategoryno": "954",
        "sapsegmentname": "GLUTEN FREE",
        "sapsegmentno": "26",
        "specialsgroupid": null,
        "PiesProductDepartmentNodeId": "1_DEB537E",
        "PiesProductDepartmentsjson": "[{\"Id\":\"1_DEB537E\",\"Description\":\"Bakery\"}]",
        "piesdepartmentnamesjson": "[\"Bakery\"]",
        "piescategorynamesjson": "[\"Packaged Bread & Bakery\"]",
        "piessubcategorynamesjson": "[\"Gluten Free Bakery\"]",
        "servingsize-total-nip": null,
        "servingsperpack-total-nip": null,
        "microwaveable": "False",
        "ovencook": "False",
        "vegetarian": "False",
        "freezable": "False",
        "containsnuts": "False",
        "containsgluten": "False",
        "description": null,
        "ingredients": null,
        "nutritionalinformation": null,
        "storageinstructions": null,
        "usageinstructions": null,
        "brand": "bare bakers",
        "manufacturer": null,
        "countryoforigin": null,
        "productheightmm": null,
        "productwidthmm": null,
        "productdepthmm": null,
        "wool_productpackaging": null,
        "recyclableinformation": null,
        "importantinformation": null,
        "allergencontains": null,
        "allergenmaybepresent": null,
        "allergystatement": "Gluten Free",
        "lifestyleanddietarystatement": "Gluten Free",
        "lifestyleclaim": null,
        "wool_dietaryclaim": null,
        "boxedcontents": null,
        "suitablefor": null,
        "fragrance": null,
        "colour": null,
        "antioxidant": "False",
        "addedvitaminsandminerals": "False",
        "bpafree": "False",
        "sulfatefree": "False",
        "parabenfree": "False",
        "claims": null,
        "alcoholfree": null,
        "anti-dandruff": null,
        "dermatologicallyapproved": null,
        "dermatologistrecommended": null,
        "dermatologisttested": null,
        "fragrance-free": null,
        "haircolour": null,
        "hairtype": null,
        "hypo-allergenic": null,
        "non-comedogenic": null,
        "oilfree": null,
        "ophthalmologistapproved": null,
        "ophthalmologisttested": null,
        "paba-free": null,
        "skincondition": null,
        "skintype": null,
        "soap-free": null,
        "spf": null,
        "sweatresistant": null,
        "timer": null,
        "waterresistant": null,
        "phbalanced": null,
        "antiseptic": "False",
        "antibacterial": "False",
        "activeconstituents": null,
        "contains": null,
        "microwavesafe": "False",
        "productimagecount": "1",
        "friendlydisclaimer": null,
        "productimages": "804024.jpg",
        "healthstarrating": "0"
      },
      "DetailsImagePaths": [
        "https://cdn0.woolworths.media/content/wowproductimages/large/804024.jpg"
      ],
      "Variety": "brownie bites",
      "Rating": {
        "ReviewCount": 0,
        "RatingCount": 0,
        "OneStarCount": 0,
        "TwoStarCount": 0,
        "ThreeStarCount": 0,
        "FourStarCount": 0,
        "FiveStarCount": 0,
        "Average": 0,
        "OneStarPercentage": 0,
        "TwoStarPercentage": 0,
        "ThreeStarPercentage": 0,
        "FourStarPercentage": 0,
        "FiveStarPercentage": 0
      }
    },
    {
      "Stockcode": 804023,
      "Barcode": "9350007008112",
      "GtinFormat": 13,
      "CupPrice": 3.4,
      "InstoreCupPrice": 3.4,
      "CupMeasure": "100G",
      "CupString": "$3.40 / 100G",
      "InstoreCupString": "$3.40 / 100G",
      "HasCupPrice": true,
      "InstoreHasCupPrice": true,
      "Price": 5.5,
      "InstorePrice": 5.5,
      "Name": "Bare Bakers Gluten Free Corn Flake Bites",
      "UrlFriendlyName": "bare-bakers-gluten-free-corn-flake-bites",
      "Description": " Bare Bakers Gluten Free Corn<br>Flake Bites 162g",
      "SmallImageFile": "https://cdn0.woolworths.media/content/wowproductimages/small/804023.jpg",
      "MediumImageFile": "https://cdn0.woolworths.media/content/wowproductimages/medium/804023.jpg",
      "LargeImageFile": "https://cdn0.woolworths.media/content/wowproductimages/large/804023.jpg",
      "IsNew": false,
      "IsOnSpecial": false,
      "InstoreIsOnSpecial": false,
      "IsEdrSpecial": false,
      "SavingsAmount": 0,
      "InstoreSavingsAmount": 0,
      "WasPrice": 5.5,
      "InstoreWasPrice": 5.5,
      "QuantityInTrolley": 0,
      "Unit": "Each",
      "MinimumQuantity": 1,
      "HasBeenBoughtBefore": false,
      "IsInTrolley": false,
      "Source": "Aisle.Bakery",
      "SupplyLimit": 36,
      "IsRanged": false,
      "IsInStock": true,
      "PackageSize": "162g",
      "IsPmDelivery": false,
      "IsForCollection": true,
      "IsForDelivery": true,
      "IsForExpress": false,
      "ProductRestrictionMessage": null,
      "CentreTag": {
        "TagContent": null,
        "TagLink": null,
        "FallbackText": null,
        "TagType": "None"
      },
      "IsCentreTag": false,
      "ImageTag": {
        "TagContent": null,
        "TagLink": null,
        "FallbackText": "",
        "TagType": "None"
      },
      "HeaderTag": null,
      "HasHeaderTag": false,
      "UnitWeightInGrams": 192,
      "SupplyLimitMessage": "'Bare Bakers Gluten Free Corn Flake Bites' has a supply limit of 36. The quantity in your cart has been reduced accordingly. To purchase a larger quantity, please contact us on 1800 000 610. Please note we do not supply trade orders.",
      "SmallFormatDescription": "Bare Bakers Gluten Free Corn Flake Bites",
      "FullDescription": "Bare Bakers Gluten Free Corn Flake Bites",
      "IsAvailable": true,
      "InstoreIsAvailable": true,
      "IsPurchasable": true,
      "InstoreIsPurchasable": true,
      "AgeRestricted": false,
      "DisplayQuantity": 1,
      "RichDescription": null,
      "IsDeliveryPass": false,
      "HideWasSavedPrice": false,
      "SapCategories": null,
      "Brand": "bare bakers",
      "FooterTag": {
        "TagContent": null,
        "TagLink": null,
        "FallbackText": null,
        "TagType": "None"
      },
      "IsFooterEnabled": false,
      "Diagnostics": "67",
      "IsBundle": false,
      "ChildProducts": [],
      "UrlOverride": null,
      "AdditionalAttributes": {
        "sapdepartmentname": "PROPRIETARY BAKERY",
        "sapdepartmentno": "47",
        "sapcategoryname": "PROPRIETARY BAKERY",
        "sapcategoryno": "60",
        "sapsubcategoryname": "RESALE CAKE",
        "sapsubcategoryno": "954",
        "sapsegmentname": "GLUTEN FREE",
        "sapsegmentno": "26",
        "specialsgroupid": null,
        "PiesProductDepartmentNodeId": "1_DEB537E",
        "PiesProductDepartmentsjson": "[{\"Id\":\"1_DEB537E\",\"Description\":\"Bakery\"}]",
        "piesdepartmentnamesjson": "[\"Bakery\"]",
        "piescategorynamesjson": "[\"Packaged Bread & Bakery\"]",
        "piessubcategorynamesjson": "[\"Gluten Free Bakery\"]",
        "servingsize-total-nip": null,
        "servingsperpack-total-nip": null,
        "microwaveable": "False",
        "ovencook": "False",
        "vegetarian": "False",
        "freezable": "False",
        "containsnuts": "False",
        "containsgluten": "False",
        "description": null,
        "ingredients": null,
        "nutritionalinformation": null,
        "storageinstructions": null,
        "usageinstructions": null,
        "brand": "bare bakers",
        "manufacturer": null,
        "countryoforigin": null,
        "productheightmm": null,
        "productwidthmm": null,
        "productdepthmm": null,
        "wool_productpackaging": null,
        "recyclableinformation": null,
        "importantinformation": null,
        "allergencontains": null,
        "allergenmaybepresent": null,
        "allergystatement": "Gluten Free",
        "lifestyleanddietarystatement": "Gluten Free",
        "lifestyleclaim": null,
        "wool_dietaryclaim": null,
        "boxedcontents": null,
        "suitablefor": null,
        "fragrance": null,
        "colour": null,
        "antioxidant": "False",
        "addedvitaminsandminerals": "False",
        "bpafree": "False",
        "sulfatefree": "False",
        "parabenfree": "False",
        "claims": null,
        "alcoholfree": null,
        "anti-dandruff": null,
        "dermatologicallyapproved": null,
        "dermatologistrecommended": null,
        "dermatologisttested": null,
        "fragrance-free": null,
        "haircolour": null,
        "hairtype": null,
        "hypo-allergenic": null,
        "non-comedogenic": null,
        "oilfree": null,
        "ophthalmologistapproved": null,
        "ophthalmologisttested": null,
        "paba-free": null,
        "skincondition": null,
        "skintype": null,
        "soap-free": null,
        "spf": null,
        "sweatresistant": null,
        "timer": null,
        "waterresistant": null,
        "phbalanced": null,
        "antiseptic": "False",
        "antibacterial": "False",
        "activeconstituents": null,
        "contains": null,
        "microwavesafe": "False",
        "productimagecount": "1",
        "friendlydisclaimer": null,
        "productimages": "804023.jpg",
        "healthstarrating": "0"
      },
      "DetailsImagePaths": [
        "https://cdn0.woolworths.media/content/wowproductimages/large/804023.jpg"
      ],
      "Variety": "corn flake bites",
      "Rating": {
        "ReviewCount": 0,
        "RatingCount": 0,
        "OneStarCount": 0,
        "TwoStarCount": 0,
        "ThreeStarCount": 0,
        "FourStarCount": 0,
        "FiveStarCount": 0,
        "Average": 0,
        "OneStarPercentage": 0,
        "TwoStarPercentage": 0,
        "ThreeStarPercentage": 0,
        "FourStarPercentage": 0,
        "FiveStarPercentage": 0
      }
    },
    {
      "Stockcode": 804056,
      "Barcode": "9350007009881",
      "GtinFormat": 13,
      "CupPrice": 3.93,
      "InstoreCupPrice": 3.93,
      "CupMeasure": "100G",
      "CupString": "$3.93 / 100G",
      "InstoreCupString": "$3.93 / 100G",
      "HasCupPrice": true,
      "InstoreHasCupPrice": true,
      "Price": 5.5,
      "InstorePrice": 5.5,
      "Name": "Bare Bakers Gluten Free Salted Caramel Bites",
      "UrlFriendlyName": "bare-bakers-gluten-free-salted-caramel-bites",
      "Description": " Bare Bakers Gluten Free<br>Salted Caramel... 140g",
      "SmallImageFile": "https://cdn0.woolworths.media/content/wowproductimages/small/804056.jpg",
      "MediumImageFile": "https://cdn0.woolworths.media/content/wowproductimages/medium/804056.jpg",
      "LargeImageFile": "https://cdn0.woolworths.media/content/wowproductimages/large/804056.jpg",
      "IsNew": false,
      "IsOnSpecial": false,
      "InstoreIsOnSpecial": false,
      "IsEdrSpecial": false,
      "SavingsAmount": 0,
      "InstoreSavingsAmount": 0,
      "WasPrice": 5.5,
      "InstoreWasPrice": 5.5,
      "QuantityInTrolley": 0,
      "Unit": "Each",
      "MinimumQuantity": 1,
      "HasBeenBoughtBefore": false,
      "IsInTrolley": false,
      "Source": "Aisle.Bakery",
      "SupplyLimit": 36,
      "IsRanged": false,
      "IsInStock": true,
      "PackageSize": "140g",
      "IsPmDelivery": false,
      "IsForCollection": true,
      "IsForDelivery": true,
      "IsForExpress": false,
      "ProductRestrictionMessage": null,
      "CentreTag": {
        "TagContent": null,
        "TagLink": null,
        "FallbackText": null,
        "TagType": "None"
      },
      "IsCentreTag": false,
      "ImageTag": {
        "TagContent": null,
        "TagLink": null,
        "FallbackText": "",
        "TagType": "None"
      },
      "HeaderTag": null,
      "HasHeaderTag": false,
      "UnitWeightInGrams": 170,
      "SupplyLimitMessage": "'Bare Bakers Gluten Free Salted Caramel Bites' has a supply limit of 36. The quantity in your cart has been reduced accordingly. To purchase a larger quantity, please contact us on 1800 000 610. Please note we do not supply trade orders.",
      "SmallFormatDescription": "Bare Bakers Gluten Free Salted Caramel Bites",
      "FullDescription": "Bare Bakers Gluten Free Salted Caramel Bites",
      "IsAvailable": true,
      "InstoreIsAvailable": true,
      "IsPurchasable": true,
      "InstoreIsPurchasable": true,
      "AgeRestricted": false,
      "DisplayQuantity": 1,
      "RichDescription": null,
      "IsDeliveryPass": false,
      "HideWasSavedPrice": false,
      "SapCategories": null,
      "Brand": "bare bakers",
      "FooterTag": {
        "TagContent": null,
        "TagLink": null,
        "FallbackText": null,
        "TagType": "None"
      },
      "IsFooterEnabled": false,
      "Diagnostics": "68",
      "IsBundle": false,
      "ChildProducts": [],
      "UrlOverride": null,
      "AdditionalAttributes": {
        "sapdepartmentname": "PROPRIETARY BAKERY",
        "sapdepartmentno": "47",
        "sapcategoryname": "PROPRIETARY BAKERY",
        "sapcategoryno": "60",
        "sapsubcategoryname": "RESALE CAKE",
        "sapsubcategoryno": "954",
        "sapsegmentname": "GLUTEN FREE",
        "sapsegmentno": "26",
        "specialsgroupid": null,
        "PiesProductDepartmentNodeId": "1_DEB537E",
        "PiesProductDepartmentsjson": "[{\"Id\":\"1_DEB537E\",\"Description\":\"Bakery\"}]",
        "piesdepartmentnamesjson": "[\"Bakery\"]",
        "piescategorynamesjson": "[\"Packaged Bread & Bakery\"]",
        "piessubcategorynamesjson": "[\"Gluten Free Bakery\"]",
        "servingsize-total-nip": null,
        "servingsperpack-total-nip": null,
        "microwaveable": "False",
        "ovencook": "False",
        "vegetarian": "False",
        "freezable": "False",
        "containsnuts": "False",
        "containsgluten": "False",
        "description": null,
        "ingredients": null,
        "nutritionalinformation": null,
        "storageinstructions": null,
        "usageinstructions": null,
        "brand": "bare bakers",
        "manufacturer": null,
        "countryoforigin": null,
        "productheightmm": null,
        "productwidthmm": null,
        "productdepthmm": null,
        "wool_productpackaging": null,
        "recyclableinformation": null,
        "importantinformation": null,
        "allergencontains": null,
        "allergenmaybepresent": null,
        "allergystatement": "Gluten Free",
        "lifestyleanddietarystatement": "Gluten Free",
        "lifestyleclaim": null,
        "wool_dietaryclaim": null,
        "boxedcontents": null,
        "suitablefor": null,
        "fragrance": null,
        "colour": null,
        "antioxidant": "False",
        "addedvitaminsandminerals": "False",
        "bpafree": "False",
        "sulfatefree": "False",
        "parabenfree": "False",
        "claims": null,
        "alcoholfree": null,
        "anti-dandruff": null,
        "dermatologicallyapproved": null,
        "dermatologistrecommended": null,
        "dermatologisttested": null,
        "fragrance-free": null,
        "haircolour": null,
        "hairtype": null,
        "hypo-allergenic": null,
        "non-comedogenic": null,
        "oilfree": null,
        "ophthalmologistapproved": null,
        "ophthalmologisttested": null,
        "paba-free": null,
        "skincondition": null,
        "skintype": null,
        "soap-free": null,
        "spf": null,
        "sweatresistant": null,
        "timer": null,
        "waterresistant": null,
        "phbalanced": null,
        "antiseptic": "False",
        "antibacterial": "False",
        "activeconstituents": null,
        "contains": null,
        "microwavesafe": "False",
        "productimagecount": "1",
        "friendlydisclaimer": null,
        "productimages": "804056.jpg",
        "healthstarrating": "0"
      },
      "DetailsImagePaths": [
        "https://cdn0.woolworths.media/content/wowproductimages/large/804056.jpg"
      ],
      "Variety": "salted caramel bites",
      "Rating": {
        "ReviewCount": 0,
        "RatingCount": 0,
        "OneStarCount": 0,
        "TwoStarCount": 0,
        "ThreeStarCount": 0,
        "FourStarCount": 0,
        "FiveStarCount": 0,
        "Average": 0,
        "OneStarPercentage": 0,
        "TwoStarPercentage": 0,
        "ThreeStarPercentage": 0,
        "FourStarPercentage": 0,
        "FiveStarPercentage": 0
      }
    },
    {
      "Stockcode": 804058,
      "Barcode": "9350007008228",
      "GtinFormat": 13,
      "CupPrice": 2.7,
      "InstoreCupPrice": 2.7,
      "CupMeasure": "100G",
      "CupString": "$2.70 / 100G",
      "InstoreCupString": "$2.70 / 100G",
      "HasCupPrice": true,
      "InstoreHasCupPrice": true,
      "Price": 5,
      "InstorePrice": 5,
      "Name": "Bare Bakers Gluten Free Double Chocolate Muffin Bar",
      "UrlFriendlyName": "bare-bakers-gluten-free-double-chocolate-muffin-bar",
      "Description": " Bare Bakers Gluten Free<br>Double Chocolate... 185g",
      "SmallImageFile": "https://cdn0.woolworths.media/content/wowproductimages/small/804058.jpg",
      "MediumImageFile": "https://cdn0.woolworths.media/content/wowproductimages/medium/804058.jpg",
      "LargeImageFile": "https://cdn0.woolworths.media/content/wowproductimages/large/804058.jpg",
      "IsNew": false,
      "IsOnSpecial": true,
      "InstoreIsOnSpecial": true,
      "IsEdrSpecial": false,
      "SavingsAmount": 0.5,
      "InstoreSavingsAmount": 0.5,
      "WasPrice": 5.5,
      "InstoreWasPrice": 5.5,
      "QuantityInTrolley": 0,
      "Unit": "Each",
      "MinimumQuantity": 1,
      "HasBeenBoughtBefore": false,
      "IsInTrolley": false,
      "Source": "Aisle.Bakery",
      "SupplyLimit": 36,
      "IsRanged": false,
      "IsInStock": true,
      "PackageSize": "185g",
      "IsPmDelivery": false,
      "IsForCollection": true,
      "IsForDelivery": true,
      "IsForExpress": false,
      "ProductRestrictionMessage": null,
      "CentreTag": {
        "TagContent": null,
        "TagLink": null,
        "FallbackText": null,
        "TagType": "None"
      },
      "IsCentreTag": false,
      "ImageTag": {
        "TagContent": "/content/promotiontags/roundel-special-200x200.png",
        "TagLink": "",
        "FallbackText": "On Special",
        "TagType": "None"
      },
      "HeaderTag": {
        "BackgroundColor": "#fd0",
        "BorderColor": "#fd0",
        "TextColor": "#000",
        "Content": "Save $0.50",
        "TagLink": null,
        "Promotion": "Special"
      },
      "HasHeaderTag": true,
      "UnitWeightInGrams": 208,
      "SupplyLimitMessage": "'Bare Bakers Gluten Free Double Chocolate Muffin Bar' has a supply limit of 36. The quantity in your cart has been reduced accordingly. To purchase a larger quantity, please contact us on 1800 000 610. Please note we do not supply trade orders.",
      "SmallFormatDescription": "Bare Bakers Gluten Free Double Chocolate Muffin Bar",
      "FullDescription": "Bare Bakers Gluten Free Double Chocolate Muffin Bar",
      "IsAvailable": true,
      "InstoreIsAvailable": true,
      "IsPurchasable": true,
      "InstoreIsPurchasable": true,
      "AgeRestricted": false,
      "DisplayQuantity": 1,
      "RichDescription": null,
      "IsDeliveryPass": false,
      "HideWasSavedPrice": false,
      "SapCategories": null,
      "Brand": "bare bakers",
      "FooterTag": {
        "TagContent": null,
        "TagLink": null,
        "FallbackText": null,
        "TagType": "None"
      },
      "IsFooterEnabled": false,
      "Diagnostics": "69",
      "IsBundle": false,
      "ChildProducts": [],
      "UrlOverride": null,
      "AdditionalAttributes": {
        "sapdepartmentname": "PROPRIETARY BAKERY",
        "sapdepartmentno": "47",
        "sapcategoryname": "PROPRIETARY BAKERY",
        "sapcategoryno": "60",
        "sapsubcategoryname": "RESALE CAKE",
        "sapsubcategoryno": "954",
        "sapsegmentname": "GLUTEN FREE",
        "sapsegmentno": "26",
        "specialsgroupid": null,
        "PiesProductDepartmentNodeId": "1_DEB537E",
        "PiesProductDepartmentsjson": "[{\"Id\":\"1_DEB537E\",\"Description\":\"Bakery\"}]",
        "piesdepartmentnamesjson": "[\"Bakery\"]",
        "piescategorynamesjson": "[\"Packaged Bread & Bakery\"]",
        "piessubcategorynamesjson": "[\"Gluten Free Bakery\"]",
        "servingsize-total-nip": null,
        "servingsperpack-total-nip": null,
        "microwaveable": "False",
        "ovencook": "False",
        "vegetarian": "False",
        "freezable": "False",
        "containsnuts": "False",
        "containsgluten": "False",
        "description": null,
        "ingredients": null,
        "nutritionalinformation": null,
        "storageinstructions": null,
        "usageinstructions": null,
        "brand": "bare bakers",
        "manufacturer": null,
        "countryoforigin": null,
        "productheightmm": null,
        "productwidthmm": null,
        "productdepthmm": null,
        "wool_productpackaging": null,
        "recyclableinformation": null,
        "importantinformation": null,
        "allergencontains": null,
        "allergenmaybepresent": null,
        "allergystatement": "Gluten Free",
        "lifestyleanddietarystatement": "Gluten Free",
        "lifestyleclaim": null,
        "wool_dietaryclaim": null,
        "boxedcontents": null,
        "suitablefor": null,
        "fragrance": null,
        "colour": null,
        "antioxidant": "False",
        "addedvitaminsandminerals": "False",
        "bpafree": "False",
        "sulfatefree": "False",
        "parabenfree": "False",
        "claims": null,
        "alcoholfree": null,
        "anti-dandruff": null,
        "dermatologicallyapproved": null,
        "dermatologistrecommended": null,
        "dermatologisttested": null,
        "fragrance-free": null,
        "haircolour": null,
        "hairtype": null,
        "hypo-allergenic": null,
        "non-comedogenic": null,
        "oilfree": null,
        "ophthalmologistapproved": null,
        "ophthalmologisttested": null,
        "paba-free": null,
        "skincondition": null,
        "skintype": null,
        "soap-free": null,
        "spf": null,
        "sweatresistant": null,
        "timer": null,
        "waterresistant": null,
        "phbalanced": null,
        "antiseptic": "False",
        "antibacterial": "False",
        "activeconstituents": null,
        "contains": null,
        "microwavesafe": "False",
        "productimagecount": "1",
        "friendlydisclaimer": null,
        "productimages": "804058.jpg",
        "healthstarrating": "0"
      },
      "DetailsImagePaths": [
        "https://cdn0.woolworths.media/content/wowproductimages/large/804058.jpg"
      ],
      "Variety": "chocolate muffin bar",
      "Rating": {
        "ReviewCount": 0,
        "RatingCount": 0,
        "OneStarCount": 0,
        "TwoStarCount": 0,
        "ThreeStarCount": 0,
        "FourStarCount": 0,
        "FiveStarCount": 0,
        "Average": 0,
        "OneStarPercentage": 0,
        "TwoStarPercentage": 0,
        "ThreeStarPercentage": 0,
        "FourStarPercentage": 0,
        "FiveStarPercentage": 0
      }
    },
    {
      "Stockcode": 935860,
      "Barcode": "9339423006063",
      "GtinFormat": 13,
      "CupPrice": 2.1,
      "InstoreCupPrice": 2.1,
      "CupMeasure": "1EA",
      "CupString": "$2.10 / 1EA",
      "InstoreCupString": "$2.10 / 1EA",
      "HasCupPrice": true,
      "InstoreHasCupPrice": true,
      "Price": 4.2,
      "InstorePrice": 4.2,
      "Name": "Bazaar Garlic Naan ",
      "UrlFriendlyName": "bazaar-garlic-naan",
      "Description": " Bazaar Garlic Naan  2pk",
      "SmallImageFile": "https://cdn0.woolworths.media/content/wowproductimages/small/935860.jpg",
      "MediumImageFile": "https://cdn0.woolworths.media/content/wowproductimages/medium/935860.jpg",
      "LargeImageFile": "https://cdn0.woolworths.media/content/wowproductimages/large/935860.jpg",
      "IsNew": false,
      "IsOnSpecial": false,
      "InstoreIsOnSpecial": false,
      "IsEdrSpecial": false,
      "SavingsAmount": 0,
      "InstoreSavingsAmount": 0,
      "WasPrice": 4.2,
      "InstoreWasPrice": 4.2,
      "QuantityInTrolley": 0,
      "Unit": "Each",
      "MinimumQuantity": 1,
      "HasBeenBoughtBefore": false,
      "IsInTrolley": false,
      "Source": "Aisle.Bakery",
      "SupplyLimit": 36,
      "IsRanged": false,
      "IsInStock": true,
      "PackageSize": "2pk",
      "IsPmDelivery": false,
      "IsForCollection": true,
      "IsForDelivery": true,
      "IsForExpress": false,
      "ProductRestrictionMessage": null,
      "CentreTag": {
        "TagContent": null,
        "TagLink": null,
        "FallbackText": null,
        "TagType": "None"
      },
      "IsCentreTag": false,
      "ImageTag": {
        "TagContent": null,
        "TagLink": null,
        "FallbackText": "",
        "TagType": "None"
      },
      "HeaderTag": null,
      "HasHeaderTag": false,
      "UnitWeightInGrams": 274,
      "SupplyLimitMessage": "'Bazaar Garlic Naan ' has a supply limit of 36. The quantity in your cart has been reduced accordingly. To purchase a larger quantity, please contact us on 1800 000 610. Please note we do not supply trade orders.",
      "SmallFormatDescription": "Bazaar Garlic Naan ",
      "FullDescription": "Bazaar Garlic Naan ",
      "IsAvailable": true,
      "InstoreIsAvailable": true,
      "IsPurchasable": true,
      "InstoreIsPurchasable": true,
      "AgeRestricted": false,
      "DisplayQuantity": 1,
      "RichDescription": "Bazaar Naan Bread Garlic a versatile Naan style bread.  It is an ideal accompaniment to Thai or Indian curries, served warm with dips and cheese or is satisfying on its own.",
      "IsDeliveryPass": false,
      "HideWasSavedPrice": false,
      "SapCategories": null,
      "Brand": "bazaar",
      "FooterTag": {
        "TagContent": null,
        "TagLink": null,
        "FallbackText": null,
        "TagType": "None"
      },
      "IsFooterEnabled": false,
      "Diagnostics": "70",
      "IsBundle": false,
      "ChildProducts": [],
      "UrlOverride": null,
      "AdditionalAttributes": {
        "sapdepartmentname": "PROPRIETARY BAKERY",
        "sapdepartmentno": "47",
        "sapcategoryname": "PROPRIETARY BAKERY",
        "sapcategoryno": "60",
        "sapsubcategoryname": "RESALE INTERNATIONAL BREAD",
        "sapsubcategoryno": "810",
        "sapsegmentname": "PITA AND LEBANESE",
        "sapsegmentno": "2",
        "specialsgroupid": null,
        "PiesProductDepartmentNodeId": "1_DEB537E",
        "PiesProductDepartmentsjson": "[{\"Id\":\"1_DEB537E\",\"Description\":\"Bakery\"}]",
        "piesdepartmentnamesjson": "[\"Bakery\"]",
        "piescategorynamesjson": "[\"Packaged Bread & Bakery\"]",
        "piessubcategorynamesjson": "[\"Wraps & Flatbread\"]",
        "servingsize-total-nip": null,
        "servingsperpack-total-nip": null,
        "microwaveable": "False",
        "ovencook": "False",
        "vegetarian": "False",
        "freezable": "False",
        "containsnuts": "False",
        "containsgluten": "False",
        "description": "Bazaar Naan Bread Garlic a versatile Naan style bread.  It is an ideal accompaniment to Thai or Indian curries, served warm with dips and cheese or is satisfying on its own.",
        "ingredients": "Wheat Flour, Water, Flour (Wheat Flour, Baking Powder (Emulsifiers (339, 341, 450), Raising Agent (500))), Canola Oil, Egg, Yoghurt (Milk), Whey Powder, Garlic (1%), Iodised Salt, Thickeners (415, 412, 466), Improver (Soy Flour, Emulsifiers (481,471), Flour Treatment Agents (516, 300)), Humectant (422), Sugar, Preservatives (282, 200), Yeast , Nigella Seed, Emulsifiers (481,461), Cultured Dextrose, Coriander Leaf, Vitamins (Thiamin, Folic Acid)",
        "nutritionalinformation": "{\"Name\":\"Nutritional Information\",\"Attributes\":[{\"Id\":705,\"Name\":\"Carbohydrate Quantity Per 100g - Total - NIP\",\"Value\":\"47.2g\",\"Description\":\"Carbohydrate Quantity Per 100g - Total - NIP\",\"SortOrder\":83},{\"Id\":706,\"Name\":\"Carbohydrate Quantity Per Serve - Total - NIP\",\"Value\":\"29.5g\",\"Description\":\"Carbohydrate Quantity Per Serve - Total - NIP\",\"SortOrder\":87},{\"Id\":759,\"Name\":\"Energy kJ Quantity Per 100g - Total - NIP\",\"Value\":\"1200kJ\",\"Description\":\"Energy kJ Quantity Per 100g - Total - NIP\",\"SortOrder\":239},{\"Id\":760,\"Name\":\"Energy kJ Quantity Per Serve - Total - NIP\",\"Value\":\"750kJ\",\"Description\":\"Energy kJ Quantity Per Serve - Total - NIP\",\"SortOrder\":243},{\"Id\":253,\"Name\":\"Fat Saturated Quantity Per 100g - Total - NIP\",\"Value\":\"1.0g\",\"Description\":\"Fat Saturated Quantity Per 100g - Total - NIP\",\"SortOrder\":251},{\"Id\":258,\"Name\":\"Fat Saturated Quantity Per Serve - Total - NIP\",\"Value\":\"0.6g\",\"Description\":\"Fat Saturated Quantity Per Serve - Total - NIP\",\"SortOrder\":255},{\"Id\":764,\"Name\":\"Fat Total Quantity Per 100g - Total - NIP\",\"Value\":\"6.8g\",\"Description\":\"Fat Total Quantity Per 100g - Total - NIP\",\"SortOrder\":263},{\"Id\":264,\"Name\":\"Fat Total Quantity Per Serve - Total - NIP\",\"Value\":\"4.3g\",\"Description\":\"Fat Total Quantity Per Serve - Total - NIP\",\"SortOrder\":267},{\"Id\":878,\"Name\":\"Protein Quantity Per 100g - Total - NIP\",\"Value\":\"7.7g\",\"Description\":\"Protein Quantity Per 100g - Total - NIP\",\"SortOrder\":587},{\"Id\":882,\"Name\":\"Protein Quantity Per Serve - Total - NIP\",\"Value\":\"4.8g\",\"Description\":\"Protein Quantity Per Serve - Total - NIP\",\"SortOrder\":591},{\"Id\":477,\"Name\":\"Serving Size - Total - NIP\",\"Value\":\"? piece (62.5g)\",\"Description\":\"Serving Size - Total - NIP\",\"SortOrder\":607},{\"Id\":544,\"Name\":\"Servings Per Pack - Total - NIP\",\"Value\":\"4\",\"Description\":\"Servings Per Pack - Total - NIP\",\"SortOrder\":611},{\"Id\":491,\"Name\":\"Sodium Quantity Per 100g - Total - NIP\",\"Value\":\"580mg\",\"Description\":\"Sodium Quantity Per 100g - Total - NIP\",\"SortOrder\":623},{\"Id\":495,\"Name\":\"Sodium Quantity Per Serve - Total - NIP\",\"Value\":\"363mg\",\"Description\":\"Sodium Quantity Per Serve - Total - NIP\",\"SortOrder\":627},{\"Id\":907,\"Name\":\"Sugars Quantity Per 100g - Prefix - NIP\",\"Value\":\"\",\"Description\":\"Sugars Quantity Per 100g - Prefix - NIP\",\"SortOrder\":645},{\"Id\":908,\"Name\":\"Sugars Quantity Per 100g - SuffixUnits - NIP\",\"Value\":\"g\",\"Description\":\"Sugars Quantity Per 100g - SuffixUnits - NIP\",\"SortOrder\":646},{\"Id\":909,\"Name\":\"Sugars Quantity Per 100g - Total - NIP\",\"Value\":\"3.2g\",\"Description\":\"Sugars Quantity Per 100g - Total - NIP\",\"SortOrder\":647},{\"Id\":910,\"Name\":\"Sugars Quantity Per 100g - ValueWord - NIP\",\"Value\":\"3.2\",\"Description\":\"Sugars Quantity Per 100g - ValueWord - NIP\",\"SortOrder\":648},{\"Id\":504,\"Name\":\"Sugars Quantity Per Serve - Prefix - NIP\",\"Value\":\"\",\"Description\":\"Sugars Quantity Per Serve - Prefix - NIP\",\"SortOrder\":649},{\"Id\":911,\"Name\":\"Sugars Quantity Per Serve - SuffixUnits - NIP\",\"Value\":\"g\",\"Description\":\"Sugars Quantity Per Serve - SuffixUnits - NIP\",\"SortOrder\":650},{\"Id\":912,\"Name\":\"Sugars Quantity Per Serve - Total - NIP\",\"Value\":\"2.0g\",\"Description\":\"Sugars Quantity Per Serve - Total - NIP\",\"SortOrder\":651},{\"Id\":572,\"Name\":\"Sugars Quantity Per Serve - ValueWord - NIP\",\"Value\":\"2.0\",\"Description\":\"Sugars Quantity Per Serve - ValueWord - NIP\",\"SortOrder\":652}]}",
        "storageinstructions": null,
        "usageinstructions": null,
        "brand": "bazaar",
        "manufacturer": null,
        "countryoforigin": null,
        "productheightmm": null,
        "productwidthmm": null,
        "productdepthmm": null,
        "wool_productpackaging": null,
        "recyclableinformation": null,
        "importantinformation": null,
        "allergencontains": "Egg, Milk, Soy, Wheat",
        "allergenmaybepresent": "Sesame Seeds",
        "allergystatement": "Shellfish Free",
        "lifestyleanddietarystatement": null,
        "lifestyleclaim": null,
        "wool_dietaryclaim": "No Artificial Colours, No Artificial Flavours",
        "boxedcontents": null,
        "suitablefor": null,
        "fragrance": null,
        "colour": null,
        "antioxidant": "False",
        "addedvitaminsandminerals": "False",
        "bpafree": "False",
        "sulfatefree": "False",
        "parabenfree": "False",
        "claims": null,
        "alcoholfree": null,
        "anti-dandruff": null,
        "dermatologicallyapproved": null,
        "dermatologistrecommended": null,
        "dermatologisttested": null,
        "fragrance-free": null,
        "haircolour": null,
        "hairtype": null,
        "hypo-allergenic": null,
        "non-comedogenic": null,
        "oilfree": null,
        "ophthalmologistapproved": null,
        "ophthalmologisttested": null,
        "paba-free": null,
        "skincondition": null,
        "skintype": null,
        "soap-free": null,
        "spf": null,
        "sweatresistant": null,
        "timer": null,
        "waterresistant": null,
        "phbalanced": null,
        "antiseptic": "False",
        "antibacterial": "False",
        "activeconstituents": null,
        "contains": null,
        "microwavesafe": "False",
        "productimagecount": "1",
        "friendlydisclaimer": null,
        "productimages": "935860.jpg",
        "healthstarrating": "0"
      },
      "DetailsImagePaths": [
        "https://cdn0.woolworths.media/content/wowproductimages/large/935860.jpg"
      ],
      "Variety": null,
      "Rating": {
        "ReviewCount": 0,
        "RatingCount": 0,
        "OneStarCount": 0,
        "TwoStarCount": 0,
        "ThreeStarCount": 0,
        "FourStarCount": 0,
        "FiveStarCount": 0,
        "Average": 0,
        "OneStarPercentage": 0,
        "TwoStarPercentage": 0,
        "ThreeStarPercentage": 0,
        "FourStarPercentage": 0,
        "FiveStarPercentage": 0
      }
    }
  ]
}
